2362 3832
525 114 664 170 -Lss
711 141 749 152 -

125 271 244 350 autem,
267 286 349 350 quae
372 268 443 329 tota
465 264 506 328 ad
529 263 690 348 privatam
707 263 809 329 vitam
827 263 1007 350 pertineat,
1030 269 1142 332 certem

127 380 159 440 et
183 396 292 439 veram
314 371 491 438 utilitatem
514 371 693 455 continere,
721 370 872 456 quesibi
897 371 1053 458 quisque,
1079 394 1142 457 pro

126 481 273 567 pinquis,
300 479 412 544 amicis
439 479 473 543 id
501 477 588 563 quod
615 478 655 542 cd
682 477 783 544 vitam
806 477 946 543 feliciter
969 479 1142 565 degendum

126 588 289 674 pertineat
312 585 504 670 persuadere
527 585 641 669 possit.
670 584 827 650 Videmus
844 584 952 668 repeti
972 589 1007 650 et
1025 583 1142 668 variari,

127 717 210 780 quae
233 694 298 758 iam
321 693 471 758 similiter
494 693 529 757 in
550 692 623 758 aliis
641 692 735 757 libris
754 691 905 776 exposita
924 696 1030 759 erent.
1066 691 1142 759 Nan

127 804 216 866 totos
234 797 489 863 adversariorum
507 796 610 862 libros
629 796 805 862 excutienti
824 796 938 863 ecdem
955 801 1141 884 argumente

127 930 147 971 a
178 904 313 970 diversis
345 904 560 989 scriptoribus
592 903 721 988 prolate
751 908 932 969 occurrunt.
983 903 1141 971 Nonnulla

128 1018 238 1078 tamen
260 1032 344 1076 nova
367 1011 497 1076 disserIt
519 1011 609 1076 velut
633 1032 707 1097 pag.
725 1008 870 1094 LXXIII,
892 1009 953 1075 ubi
976 1009 1067 1076 idem
1084 1011 1142 1075 fere

127 1119 281 1205 legimuS,
314 1118 401 1202 quod
428 1117 546 1184 Sextus
573 1117 759 1202 Empiricus
791 1116 897 1202 primo
929 1116 1005 1182 loco
1041 1121 1142 1184 contre

128 1226 276 1292 rhetores
299 1223 453 1309 disputet.
493 1224 632 1290 Videtur
655 1229 764 1288 autem
787 1222 928 1288 maxima
952 1246 1034 1307 pars
1056 1223 1142 1289 huius

128 1333 207 1398 libri
230 1335 342 1397 contro
364 1330 552 1396 Aristonem
573 1330 719 1396 Stoicum
741 1329 925 1414 conscripta
949 1351 1038 1417 esse,
1062 1330 1143 1396 cuius

129 1439 252 1505 mentio
284 1440 323 1502 fit
354 1439 537 1525 fragmento
564 1436 626 1502 XII
653 1442 686 1502 et
713 1441 825 1502 contre
853 1458 950 1521 quem
978 1434 1144 1522 usquead

129 1569 204 1633 pag.
229 1544 333 1610 LXXI
363 1546 464 1610 verba
495 1543 581 1609 facit.
628 1543 691 1609 Sed
722 1543 852 1630 singula
882 1543 1041 1628 persequi
1068 1543 1144 1626 nolo,

132 1652 208 1736 quia
230 1655 342 1716 textus
364 1651 461 1716 nimis
485 1651 674 1735 plerumque
698 1650 817 1715 dubius
841 1653 875 1715 et
897 1656 1077 1734 corruptus
1095 1653 1145 1732 est

130 1763 168 1823 ut
200 1757 329 1842 saepius
362 1757 540 1822 discernere
571 1780 637 1821 non
667 1757 804 1842 possim,
837 1760 947 1821 utrum
985 1779 1082 1823 suam
1111 1778 1146 1821 an

131 1864 269 1929 alienam
293 1863 487 1928 sententiam
510 1863 650 1946 scriptor
667 1865 789 1948 afferat,
814 1862 951 1946 denique
972 1867 1011 1929 ut
1031 1864 1072 1930 de
1091 1885 1146 1951 qua

130 1993 165 2036 re
188 1974 305 2056 agatur
327 1970 489 2035 interdum
512 1970 647 2035 dubium
670 1969 721 2035 sit.

198 2130 365 2215 Bonnae‚
389 2129 536 2195 Calendis
560 2129 654 2194 Maiis
677 2127 1013 2194 MDCCCLXXXXII.
