2362 3832
514 140 737 194 „XL-

183 289 304 367 Quarto
323 289 409 355 libro
428 289 469 353 ad
487 289 616 375 singula
634 289 802 354 rhetorum
820 295 996 375 praecepta
1012 291 1139 358 descen-

116 397 194 461 dens
218 396 311 461 illum
334 400 441 461 totum
462 400 657 480 apparatum
674 395 722 460 nil
738 396 844 461 valere
862 396 904 461 ad
920 399 1138 480 persuadendi

116 508 220 568 artem
242 501 294 567 vel
317 502 357 566 ad
380 501 619 568 institutionem
642 501 811 568 liberalem
834 502 971 587 exponit
994 526 1034 570 ac
1053 507 1140 572 fatue

116 610 191 675 illos
221 613 290 674 arte
318 631 376 675 sua
403 613 570 694 tamquam
597 614 731 694 parente
756 609 939 676 litterarum
963 615 997 676 et
1022 613 1140 678 artium

116 714 258 802 gloriari.
296 714 388 792 Quod
410 720 520 781 autem
542 716 575 781 in
599 718 663 781 fine
686 716 783 782 huius
805 716 882 782 libri
906 724 1139 786 commemorat

118 821 201 909 μέρη
230 819 284 887 καὶ
311 823 496 907 διδάγματα
519 832 576 907 τῆς
599 824 775 910 ῥητορικῆς
801 820 896 911 (223,
921 825 955 910 6,
982 823 1033 913 7),
1061 826 1138 891 illud

117 929 158 993 ad
185 929 308 994 librum
329 927 450 1016 Ι-ΙΠ,
477 931 539 994 hoc
567 931 608 995 ad
634 929 757 995 librum
781 929 829 997 IV
851 931 1062 999 referendum
1084 937 1138 999 est.

119 1034 264 1121 Cumque
297 1035 400 1101 adhuc
432 1037 611 1102 rhetoricae
643 1041 754 1121 partes
786 1058 823 1102 ac
850 1043 1030 1124 praecepta
1059 1039 1138 1106 nihil

118 1143 271 1226 prodesse
304 1142 561 1209 demonstratum
593 1143 649 1229 sit,
686 1144 854 1228 aptissime
887 1167 921 1210 se
953 1145 1138 1213 additurum

118 1249 373 1333 disputationem
392 1250 557 1335 promittit
579 1251 614 1314 in
636 1251 701 1316 fine
724 1250 821 1317 huius
843 1251 930 1338 libri,
955 1275 1021 1337 qua
1045 1253 1138 1319 etiam

117 1377 233 1421 nocere
270 1356 382 1423 fraude
418 1357 554 1421 mixtam
590 1357 785 1423 rhetoricam
821 1363 989 1442 appareat.
1052 1359 1139 1440 Quod

118 1462 204 1528 libro
227 1463 259 1528 V
282 1463 467 1547 expositum
491 1485 560 1528 esse
583 1464 650 1529 veri
674 1464 779 1531 simile
803 1469 860 1530 est.

409 1759 458 1813 De
482 1760 684 1826 argumento
706 1757 786 1814 libri
808 1759 849 1814 V.

188 1887 252 1952 Hic
270 1887 364 1974 liber,
384 1910 480 1972 quem
500 1888 613 1973 quinto
632 1889 703 1955 loco
723 1890 828 1974 posui,
846 1913 886 1956 ex
900 1913 1031 1977 papyro
1049 1895 1139 1978 1669,

121 2016 203 2078 quae
228 1994 380 2060 continua
404 1999 462 2079 est,
486 1999 518 2059 et
541 1996 676 2080 papyris
695 1998 770 2080 220,
791 1998 885 2082 1078,
906 1999 996 2065 1080
1015 2005 1140 2067 constat

120 2099 174 2187 (cf.
196 2125 227 2185 p.
246 2099 330 2189 XH).
368 2101 460 2179 Quod
483 2106 516 2166 et
539 2108 730 2188 argumento
754 2107 787 2168 et
811 2104 915 2169 forma
938 2105 1139 2192 singularum

120 2207 263 2291 partium
287 2209 498 2273 demonstrari
523 2213 641 2294 potest.
677 2209 754 2276 Non
772 2214 882 2294 potest
901 2235 961 2295 pro
982 2219 1074 2280 certo
1095 2215 1139 2279 de

120 2315 292 2380 monstrari
320 2318 405 2380 hunc
428 2315 551 2381 librum
575 2315 725 2400 quintum
749 2339 830 2402 esse,
859 2317 946 2402 quod
968 2318 1053 2383 mihi
1077 2320 1140 2405 qui·

121 2421 193 2486 dem
221 2445 261 2486 ex
288 2422 340 2486 his
367 2421 549 2487 Philodemi
577 2424 637 2488 sub
665 2424 763 2487 finem
790 2423 868 2488 libri
897 2424 1006 2508 quarti
1033 2427 1141 2493 verbis

119 2527 186 2591 veri
220 2528 325 2592 simile
357 2527 542 2593 videbatur:
580 2529 630 2595 ὅτι
662 2528 718 2595 καὶ
749 2530 886 2614 βλάπτει
917 2540 1140 2617 προστεθεῖσα

121 2633 272 2717 ἀπάταις,
284 2635 342 2712 alc
364 2637 468 2701 ἄλλον
487 2637 604 2722 καιρὸν
622 2636 717 2721 ἡμεῖς
734 2637 1021 2721 ὑπερβαλλόμεθα.
1057 2639 1141 2707 Nam

119 2741 182 2805 hoc
205 2740 313 2824 ipsum
337 2746 386 2806 est
410 2746 638 2828 argumentum
659 2742 757 2807 huius
779 2742 867 2829 libri,
890 2744 1089 2811 rhetoricam
1112 2750 1142 2810 et

120 2846 167 2910 rei
195 2846 345 2929 publicae
374 2852 407 2912 et
434 2848 516 2932 ipsis
544 2848 729 2914 oratoribus
754 2870 883 2934 nocere,
913 2850 1001 2935 quod
1023 2850 1141 2917 Sextus

120 2952 239 3037 aliique
267 2954 460 3037 proferendo
489 2955 683 3020 rhetoricam
710 2959 813 3020 artem
839 2978 908 3020 esse
931 2963 1140 3043 negaverunt.

120 3057 183 3124 sed
207 3082 269 3144 quo
293 3061 388 3125 modo
413 3082 538 3145 cunque
561 3084 612 3126 res
632 3065 689 3148 est,
712 3084 807 3127 nemo
822 3085 886 3147 me,
911 3062 1037 3150 opinor,
1060 3066 1141 3130 vitu·

120 3167 250 3249 parabit
273 3167 320 3230 ita
342 3167 601 3233 ratiocinantem:
625 3169 778 3253 quoniam
791 3167 1007 3254 ¹Philodemus
1025 3171 1061 3237 in
1080 3174 1140 3238 fine

119 3272 197 3336 libri
216 3272 314 3357 primi
338 3277 370 3337 et
394 3275 525 3339 secundi
549 3275 587 3338 de
609 3279 800 3361 argumento
820 3276 1046 3360 proximorum
1064 3280 1141 3367 agit,

120 3379 188 3441 veri
216 3379 320 3444 simile
349 3384 398 3444 est
427 3402 500 3444 eum
522 3381 584 3446 hoc
606 3381 678 3447 loco
703 3381 809 3466 quinti
832 3383 1044 3467 potissimum
1065 3384 1140 3452 libri

107 3489 343 3567 argumentum
367 3487 575 3556 adumbrare.
619 3487 687 3556 sca
704 3489 790 3553 haee
811 3489 880 3552 se'io
903 3490 1005 3554 aubia
1024 3515 1104 3556 esse.
