2362 3832
161 944 196 1011 Si
223 966 364 1031 possem,
391 943 470 1008 haec
492 941 674 1007 Philodemi
703 943 740 1008 de
764 942 925 1009 rhetorica
946 943 1112 1009 volumina

93 1055 267 1120 retinerem
299 1057 332 1117 et
364 1054 573 1116 retractarem
600 1050 710 1135 potius
739 1072 836 1135 quam
864 1050 998 1116 ederem.
1049 1049 1112 1115 sed

93 1161 197 1226 multa
220 1183 271 1225 me
295 1162 506 1243 commovent,
529 1161 567 1222 ut
590 1179 671 1241 quae
694 1157 833 1222 habeam
856 1157 987 1222 tandem
1010 1156 1110 1222 edam.

92 1267 179 1334 Nam
207 1270 240 1332 et
267 1288 442 1352 puerorum
468 1264 520 1331 vel
548 1263 694 1330 educatio
722 1265 774 1330 vel
801 1264 966 1330 institutio
994 1285 1045 1328 me
1069 1263 1110 1327 ab

93 1374 154 1438 hac
183 1372 363 1438 studiorum
390 1371 572 1437 subtilitate
600 1369 705 1456 magis
733 1371 901 1457 magisque
927 1372 1056 1435 revocat
1079 1372 1112 1433 61

94 1478 261 1564 amplioris
288 1476 438 1543 lectionis
466 1476 583 1542 cotidie
598 1481 719 1542 movet
747 1476 954 1561 desiderium,
987 1473 1113 1541 6111111-

93 1586 156 1650 niti
185 1584 307 1649 laboris
335 1583 452 1668 aliquis
479 1583 610 1648 tandem
637 1583 712 1648 finis
739 1583 905 1648 faciendus
932 1582 1112 1665 videbatur,

96 1696 129 1756 61
148 1691 362 1775 complurium
376 1690 583 1756 contentione
598 1695 630 1755 et
644 1690 762 1755 iudicio
777 1689 1022 1775 philologorum
1036 1688 1111 1773 plus

95 1797 179 1862 effici
208 1818 304 1881 quam
332 1796 427 1862 unius
456 1818 555 1882 opera
582 1800 734 1882 expertus
761 1796 836 1862 scio.
883 1794 931 1860 Ac
960 1818 1034 1881 spes
1063 1799 1112 1860 est

93 1904 146 1968 his
169 1902 389 1968 voluminibus
409 1903 504 1968 editis
519 1888 666 1968 iirorum
684 1904 852 1968 doctorum
871 1901 982 1967 oculos
1000 1902 1035 1965 in
1052 1901 1111 1964 has

95 2008 248 2094 reliquias
272 2010 416 2074 converti
439 2032 544 2095 posse,
568 2032 648 2094 quas
672 2030 745 2075 cum
764 2010 804 2073 ad
822 2008 1005 2074 scholarum
1023 2007 1111 2071 illius

95 2117 210 2183 aetatis
228 2116 315 2181 rixas
334 2116 620 2201 contentionesque
640 2116 770 2201 penitus
785 2114 1026 2200 perspiciendas
1041 2119 1112 2179 tum

94 2224 135 2288 ad
162 2223 340 2288 rhetoricae
364 2223 471 2288 studia
494 2205 685 2288 illustranda
707 2221 817 2308 magni
841 2221 939 2306 pretii
963 2242 1032 2285 esse
1056 2242 1112 2284 ex-

94 2330 213 2395 istimo.
246 2329 394 2414 Denique
414 2329 511 2395 etiam
530 2330 568 2393 de
582 2329 718 2415 Epicuri
732 2327 941 2414 philosophia
954 2327 1111 2392 nonnulla

93 2437 168 2501 inde
192 2435 393 2501 addiscimus.

40 2557 45 2565 '
160 2542 355 2626 Priusquam
374 2546 483 2607 autern
502 2542 540 2606 de
558 2542 694 2607 materia
712 2545 745 2606 61
759 2541 995 2627 compositione
1009 2539 1111 2605 totius

93 2649 202 2734 operis
217 2648 426 2733 disputarem,
444 2670 547 2733 pauca
560 2648 797 2734 praemittenda
809 2648 1012 2732 videbantur,
1029 2668 1111 2731 quae

93 2755 134 2819 ad
163 2756 273 2839 ipsum
303 2758 430 2820 textum
459 2738 633 2839 pertinent.
682 2753 720 2820 ln
750 2776 814 2839 quo
842 2754 1017 2840 redigendo
1045 2775 1112 2817 non

93 2861 208 2926 dubito
233 2862 312 2947 quin
334 2862 429 2926 multi
452 2885 503 2926 me
527 2860 677 2927 audaciae
700 2860 917 2926 insimulaturi
937 2860 1011 2925 sint.
1048 2858 1111 2924 Sed

92 2968 154 3033 hoc
178 2968 337 3054 inprimis,
360 2967 485 3054 opinor,
508 2968 681 3034 videndum
700 2972 777 3052 erat,
800 2970 837 3032 ut
860 2989 934 3032 curn
957 2966 1111 3030 miserum

92 3075 284 3162 plerumque
308 3078 341 3139 61
364 3074 509 3139 hiantem
531 3079 658 3140 textum
680 3075 883 3157 haberemus,
905 3076 1015 3138 vastae
1036 3071 1110 3134 illae

92 3182 239 3266 lacunae,
267 3202 349 3265 quae
377 3181 493 3246 seriem
520 3184 554 3245 61
580 3179 856 3246 continuationem
879 3178 1112 3244 sententiarum

93 3287 364 3393 complexumque
387 3289 560 3354 verborum
583 3287 780 3369 dirimerent,
803 3285 926 3350 coirent
950 3290 982 3350 61
1004 3284 1110 3368 exple·

92 3399 212 3460 rentur.
256 3394 401 3481 Cumque
425 3394 552 3460 duobus
576 3394 669 3460 malis
693 3391 872 3478 propositis
895 3392 1033 3457 alterum
1056 3389 1110 3454 eli-
