2362 3832
514 149 732 203 -VI-

114 298 255 385 gendum
278 297 390 383 utique
410 303 504 383 esset,
527 298 720 364 temeritatis
740 299 877 363 subinde
897 322 993 384 quam
1012 301 1138 384 passim

116 405 325 470 obscuritatis
344 405 460 470 vitium
479 404 676 489 deprehendi
695 404 802 469 malui.
830 404 930 470 Velut
944 406 1015 491 ipsa
1029 407 1138 491 prima

114 512 235 598 pagina
257 535 286 577 v.
309 513 363 596 13,
385 513 426 576 14
453 514 572 598 μορίου
600 512 794 598 interposui,
825 513 911 597 quod
939 535 1137 598 quamquam

115 640 175 702 pro
192 616 403 703 exquisitiore
417 617 525 683 nescio
541 640 605 703 quo
619 619 777 683 vocabulo
793 619 938 702 positum
952 622 1010 704 est,
1026 624 1137 686 tamen

114 724 293 789 sententiae
321 727 388 790 fere
417 724 584 792 satisfacit.
629 724 768 790 Omnino
797 730 905 790 autem
934 725 1019 791 liber
1044 727 1137 812 alter,

114 837 273 916 quatenus
305 831 476 897 restitutus
511 835 572 916 est,
605 830 673 896 sine
707 854 831 896 summa
863 832 898 895 in
926 832 1135 899 coniectando

118 938 251 1003 audacia
278 937 407 1002 restitui
434 960 500 1002 non
528 940 664 1020 poterat.
711 936 783 1002 Scio
808 961 840 1021 p.
859 939 911 1021 97,
934 939 975 1003 18
999 940 1137 1004 verbum

115 1045 282 1133 ἀπράκτου
315 1067 382 1110 11311
410 1044 587 1128 exstitisse,
620 1065 839 1129 synonymum
868 1043 970 1109 credo.
1020 1044 1137 1129 Neque

115 1152 263 1236 equidem
287 1150 367 1216 mihi
390 1173 456 1216 non
479 1150 669 1216 temerarius
690 1173 759 1216 esse
778 1150 920 1237 videbar,
944 1173 1018 1215 cum
1037 1175 1068 1234 p.
1085 1153 1138 1237 99,

115 1261 157 1325 28
177 1256 431 1344 Ἀπολλόδωρον
457 1257 644 1344 scriberem,
673 1263 705 1323 et
729 1281 760 1343 p.
781 1259 837 1342 99,
858 1259 878 1323 3
899 1252 1061 1343 Ἐφεσίων
1084 1280 1138 1322 au-

115 1365 223 1429 daciae
242 1365 375 1430 crimine
393 1388 460 1429 non
479 1365 610 1430 carebit.
647 1363 711 1429 Sed
731 1364 913 1430 Usenerum
932 1365 1041 1448 ipsum
1060 1388 1138 1449 quo-

115 1495 176 1556 que
201 1472 236 1537 in
257 1473 317 1538 has
340 1495 434 1538 voces
460 1471 576 1536 deferri
601 1471 764 1557 videbam,
788 1470 997 1536 scitissimum
1020 1471 1138 1536 talium

115 1601 223 1643 rorum
242 1579 489 1645 aestimatorem.
527 1578 588 1644 Est
608 1577 730 1663 aliquid
749 1577 943 1643 audendum:
966 1577 1051 1642 liber
1069 1577 1137 1664 legi

116 1707 212 1769 posse
237 1686 346 1750 debet:
370 1685 421 1749 vel
445 1708 484 1749 ex
509 1707 615 1750 errore
638 1684 785 1750 veritatis
809 1706 904 1767 saepe
923 1684 1048 1749 fructus
1068 1706 1137 1748 suc-

118 1792 233 1856 crescit
258 1797 290 1858 et
313 1792 501 1877 percipitur.
624 1796 628 1802 '

182 1897 244 1963 Sed
268 1899 397 1983 saepius
422 1921 520 1984 quam
539 1897 764 1983 temeritatem,
788 1920 870 1982 quae
890 1919 1018 1982 semper
1035 1897 1138 1960 habet

119 2005 243 2089 aliquid
265 2005 523 2091 vituperationis,
547 2005 733 2070 tarditatem
756 2004 879 2090 ingenii
899 2003 1062 2088 quispiam
1082 2004 1138 2068 ob-

116 2111 274 2198 iurgabit,
304 2134 385 2197 quae
415 2116 501 2177 caret
530 2111 632 2194 culpa.
678 2111 782 2175 Multa
810 2110 878 2175 sine
907 2109 1007 2175 dubio
1034 2108 1138 2192 hiant,

117 2241 198 2302 quae
221 2222 374 2303 poterant
393 2218 507 2285 sanari.
547 2217 702 2302 Concedo,
726 2218 836 2282 Davus
856 2239 936 2300 sum,
959 2239 1025 2281 non
1044 2215 1138 2280 Oedi-

116 2348 187 2408 pus.
233 2326 373 2391 Videant
401 2326 469 2390 alii:
497 2347 557 2390 nec
583 2348 659 2389 vero
686 2347 757 2390 mea
779 2324 814 2389 in
837 2328 1005 2408 posterum
1027 2322 1138 2388 Philo·

119 2432 213 2496 demo
238 2433 340 2497 deerit
363 2455 469 2516 opera.

183 2749 316 2815 Praeter
335 2750 484 2835 exempla
501 2750 720 2836 Neapolitana
738 2750 841 2816 musei
859 2749 942 2835 regii
960 2748 1139 2813 Borbonici

116 2858 306 2944 apographa
327 2857 392 2942 illa,
415 2880 496 2942 quae
516 2857 634 2923 Oxonii
653 2858 871 2939 adservantur,
895 2855 1037 2920 adhibui.
1080 2855 1140 2921 At·

117 2987 179 3048 que
199 2964 328 3051 insigni,
348 2987 412 3049 qua
428 2965 511 3030 solet
526 2987 605 3050 esse,
623 2965 826 3052 benignitate
841 2962 1028 3028 Theodorus
1044 2960 1140 3027 Gom-

116 3095 206 3157 perz,
233 3073 350 3137 horum
378 3072 559 3137 studiorum
586 3071 680 3136 facile
708 3072 847 3156 primus,
875 3091 932 3134 sua
956 3068 1036 3133 mihi
1060 3090 1140 3152 apo-

116 3179 255 3264 grapha,
283 3200 365 3263 quae
389 3178 507 3244 Oxonii
531 3177 676 3243 facienda
699 3181 878 3260 curaverat,
905 3174 1077 3259 concessit,
1101 3180 1140 3240 ut

117 3285 182 3350 iam
197 3290 370 3371 antequam
386 3286 511 3351 exirent
526 3291 643 3371 ectypa
657 3283 888 3370 photographa
899 3283 1140 3366 (Hercuturcearr

111 3396 229 3478 papyri
252 3394 410 3460 Bodleian
430 3393 629 3476 fucsimiles),
658 3390 723 3455 illis
751 3390 800 3454 uti
824 3412 960 3473 possem.
1007 3388 1140 3473 Ectypa

115 3499 187 3584 ipsa
211 3504 289 3566 tunc
313 3501 442 3566 demum
465 3496 603 3584 contuli,
628 3519 701 3563 cum
724 3518 841 3583 magna
864 3518 940 3580 pars
963 3495 1141 3562 voluminis
