2362 3832
447 104 808 185 -111111-’

62 304 126 348 suo
159 303 247 346 more
279 284 313 345 et
344 281 391 345 ita
422 281 586 364 loquetur,
618 285 655 345 ut
685 279 720 345 in
746 281 1023 365 disputationibus
1051 286 1084 346 et
1174 331 1176 342 .

64 390 154 454 inter
189 387 366 472 discipulos
403 387 587 471 consuevit,
625 386 717 470 plebi
753 388 875 474 garrire
911 387 1084 452 videbitur.

64 494 174 560 Huius
201 494 289 560 enim
312 493 416 558 oratio
440 493 587 576 quamvis
610 493 689 559 boni
713 493 836 578 aliquid
858 494 992 577 habeat,
1019 494 1084 558 sibi

63 601 265 667 audientiam
295 623 362 665 non
388 599 500 682 faciet,
532 599 685 683 quoniam
713 600 869 683 sapientis
897 604 930 664 et
957 600 1084 685 politici

65 707 170 772 oratio
189 712 306 791 suapte
324 710 448 791 natura,
471 728 538 770 non
555 709 683 769 tantum
702 705 856 772 utilitatis
874 707 1007 771 notione
1027 706 1084 771 dif-

64 815 175 878 ferunt
198 808 510 899 (XXX—XXXIII).
619 810 756 894 Sapiens
780 812 904 877 omittit
927 835 1084 897 quaecun-

65 942 130 1005 que
153 919 194 984 ad
216 919 407 984 felicitatem
429 941 496 983 non
519 917 647 1001 ducant,
671 940 846 1002 quaerero
866 919 1084 1002 perturbatio·

63 1049 141 1091 nem
168 1026 351 1090 animorum
378 1049 418 1091 ex
447 1025 556 1110 pravis
584 1024 796 1109 opinionibus
822 1031 933 1091 natam
961 1022 1084 1112 sanent,

64 1132 183 1217 recipit
206 1131 289 1196 sicut
312 1136 398 1196 artes
421 1130 586 1194 advitam
603 1131 806 1197 necessarias.
842 1132 989 1198 Ridicule
1008 1155 1084 1197 vero

63 1242 244 1325 nugantur,
276 1237 332 1321 qui
359 1259 400 1302 ex
428 1237 606 1324 geometria
633 1241 734 1301 artem
763 1237 1006 1322 imperatoriam
1032 1238 1084 1304 vel

63 1344 235 1430 politicam
258 1342 419 1427 proficisci
443 1347 569 1426 putent.
669 1341 826 1410 Similiter
848 1345 982 1410 ridicule
1005 1346 1084 1432 agit,

64 1452 122 1537 qui
150 1474 190 1516 ex
218 1449 426 1536 physiologia
449 1453 535 1514 artes
559 1448 723 1514 advitam
745 1450 946 1534 pertinentes
970 1451 1084 1516 elicere

62 1557 145 1623 velit
167 1556 256 1622 velut
277 1553 498 1621 oeconomiam
517 1559 576 1619 eto.
609 1553 702 1632 Quod
721 1557 881 1640 quomodo
900 1580 919 1621 a
938 1558 1084 1642 sapiente

62 1664 136 1730 fieri
164 1663 268 1748 possit
295 1661 446 1746 publicae
474 1661 588 1726 salutis
612 1683 720 1746 causa,
745 1684 950 1748 nequaquam
973 1669 1010 1729 ut
1034 1665 1084 1728 de-

63 1771 167 1835 bebat
189 1769 244 1834 ille
267 1767 437 1852 disposuit.
538 1766 678 1832 Omnino
702 1772 812 1833 autem
834 1769 992 1854 sapientis
1015 1770 1084 1834 offi-

65 1878 153 1943 cium
179 1877 215 1940 in
238 1874 460 1961 cognoscenda
483 1896 591 1939 rerum
612 1879 730 1939 natura
753 1879 786 1939 et
810 1876 1017 1941 emendandis
1040 1875 1084 1939 vi-

61 1983 121 2049 tiis
149 1981 294 2066 positum
320 2003 340 2045 a
368 1979 495 2064 politici
522 2003 655 2046 munere
681 1981 780 2068 longe
804 1981 903 2047 distat
926 1986 959 2046 et
981 2004 1084 2066 paene
1127 2023 1129 2028 ,

62 2088 262 2156 contrarium
290 2089 353 2171 est,
380 2089 418 2149 ut
444 2108 485 2150 10
514 2086 631 2151 debeat
660 2087 790 2171 quidem
813 2088 942 2172 sapiens
965 2088 1085 2173 peritia

62 2195 111 2262 rei
153 2194 304 2278 publicae
346 2196 379 2256 et
419 2193 625 2258 fraudulenta
666 2193 723 2258 1111
759 2194 919 2259 rhetorica
956 2194 1085 2258 institui

61 2296 439 2390 (XXXV-xxxvffl).

126 2407 182 2490 At,
204 2406 320 2491 inquit,
344 2405 400 2489 qui
423 2404 594 2470 veritatem
615 2405 861 2490 quaestionibus
879 2405 1084 2470 naturalibus
1122 2409 1125 2415 ’

61 2516 298 2600 cognoverunt,
327 2533 394 2576 101
420 2512 518 2577 rebus
545 2512 626 2596 ipsis
654 2512 710 2577 sed
736 2513 841 2577 forma
863 2516 992 2578 tantum
1016 2535 1084 2577 ora·

60 2620 164 2686 tionis
196 2642 216 2683 a
248 2619 391 2703 politicis
424 2618 584 2683 differunt.
630 2619 716 2685 Nam
744 2619 960 2704 philosophus
988 2619 1084 2705 syllo-

61 2727 170 2814 gismo
204 2730 237 2790 et
269 2725 455 2790 inductione
488 2725 605 2811 utitur,
638 2731 748 2791 orator
780 2727 1020 2812 enthymemate
1051 2729 1084 2789 01

61 2832 223 2916 exemplo.
270 2832 332 2898 Sed
359 2854 416 2896 our
442 2854 509 2896 non
536 2832 752 2918 philosophus
775 2834 1028 2918 enthymemate,
1056 2832 1084 2897 si

60 2939 242 3023 videbitur,
270 2943 302 3003 01
331 2938 502 3022 exemplo?
619 2938 727 3004 Facile
756 2944 864 3004 autem
892 2939 1084 3005 concedetur

60 3046 309 3134 physiologum‚
332 3045 506 3131 medicum,
529 3050 717 3132 geometren
740 3046 851 3110 eadem
874 3045 1026 3129 loquendi
1051 3049 1084 3109 et

60 3152 275 3222 concludendi
298 3152 424 3218 1111010
447 3152 509 3216 uti:
537 3174 596 3216 nec
618 3156 729 3216 tamen
752 3152 779 3216 si
801 3153 881 3216 haec
904 3152 1083 3216 communis

60 3263 131 3327 fere
147 3258 292 3323 omnium
306 3263 364 3344 001,
378 3262 553 3343 propterea
567 3258 649 3322 alter
663 3258 797 3323 alterius
807 3279 890 3342 opus
899 3256 1083 3345 perficietl)

137 3402 164 3470 1)
194 3398 273 3465 Quod
297 3397 494 3455 XLI-XLIV
518 3396 681 3467 disputatur
709 3397 744 3451 da
772 3397 1014 3465 enthymematum
1041 3397 1084 3451 in-

60 3489 175 3546 anitate
200 3489 229 3542 et
251 3486 450 3558 perversitate,
475 3485 510 3538 de
534 3484 731 3554 interrogandi
754 3486 783 3539 et
804 3482 994 3554 respondendi
1013 3487 1084 3550 arte,

118 3589 290 3640 Panormus,
304 3588 338 3628 sd.
354 3587 465 3628 Sudhaus.
853 3573 875 3627 d
