2362 3832
433 143 477 152 --
521 115 614 169 XXIII
660 143 701 152 —

58 267 159 332 canda
186 286 352 331 censemus
381 287 418 329 ea
441 262 530 352 (VI),
556 285 695 349 quorum
717 264 889 349 perspicua
913 269 962 330 est
984 266 1079 332 vitio-

59 373 147 459 sitas,
171 377 204 438 et
222 372 257 437 in
275 370 532 457 perstringendis
552 370 689 457 singulis
707 371 872 455 nonnulla,
891 393 972 455 quae
990 395 1077 438 nuno

60 478 240 564 omisimus,
264 479 446 543 afferentur.

147 586 200 651 Ex
223 585 459 670 Epicureorum
482 585 619 670 denique
641 606 776 650 numero
795 584 1076 649 vehementissime

60 714 114 758 eos
141 693 306 777 vituperat
328 691 550 776 Philodemus,
579 691 760 778 quicunque
787 690 983 776 sophisticae
1007 692 1076 755 rhe-

58 799 178 864 toricae
206 799 306 864 ullam
334 820 403 863 esse
431 802 534 863 artem
561 803 761 884 negaverunt
789 802 822 864 et
845 799 880 863 in
901 799 984 864 hanc
1008 820 1076 863 sen-

58 904 196 970 tentiam
217 905 321 970 libros
345 911 603 989 composuerunt.
641 904 761 982 Quodsi
783 905 867 970 hanc
886 910 988 970 artem
1008 928 1076 970 esse

58 1011 235 1096 Epicurus,
262 1012 480 1101 Metrodorus,
508 1010 727 1077 Hermarchus
756 1012 1009 1097 declaraverunt,
1040 1016 1076 1075 ut

58 1118 343 1202 demonstrabitur,
362 1118 417 1203 qui
436 1123 548 1183 contra
566 1119 626 1184 hos
641 1140 681 1183 ex
693 1117 929 1202 Epicureorum
941 1140 1076 1183 numero

58 1225 219 1310 scribunt,
243 1247 345 1309 paene
369 1248 428 1309 pro
453 1224 622 1310 parricidis
645 1223 785 1290 habendi
809 1224 967 1291 videntur.
991 1262 1029 1272 -

124 1330 224 1396 Vides
246 1331 473 1398 Philodemum
499 1331 564 1417 his,
592 1331 781 1416 priusquam
809 1331 937 1417 singula
965 1354 1076 1418 aggre-

58 1437 178 1522 diatur,
204 1439 384 1524 generatim
407 1438 515 1523 qualia
537 1437 617 1503 vitia
640 1437 890 1524 impugnaturus
913 1437 969 1523 sit,
993 1460 1076 1502 com-

56 1543 257 1628 prehendere
285 1549 318 1609 et
345 1549 501 1629 tanquam
527 1543 613 1608 viam
636 1544 770 1609 munire.
816 1542 888 1608 Hoc
911 1548 1019 1609 autem
1042 1545 1077 1609 in

57 1649 266 1715 aestimandis
294 1653 327 1714 et
355 1649 566 1716 diiudicandis
594 1649 645 1714 his
672 1649 892 1715 voluminibus
915 1650 1075 1735 imprimis

55 1756 233 1822 tenendum
261 1779 330 1822 esse
358 1762 508 1842 apparet,
536 1756 762 1824 Philodamum
789 1780 855 1823 non
881 1758 1076 1823 rhetoricam

56 1862 115 1927 sed
143 1861 181 1926 de
208 1863 370 1928 rhetorica
397 1863 551 1949 scribere,
578 1886 644 1929 non
671 1868 774 1929 artem
798 1864 890 1930 edere
914 1865 970 1930 sed
993 1887 1076 1930 com-

56 1990 178 2052 ponere
201 1968 421 2056 ἀντιγραφήν,
444 1992 510 2035 non
529 1974 596 2035 tam
615 1993 673 2036 sua
691 1976 865 2056 praccepta
884 1971 958 2035 dare
978 1994 1075 2056 quam

56 2076 198 2140 refutare
222 2074 334 2140 aliena.
372 2076 418 2142 of.
440 2099 464 2142 c.
484 2100 515 2164 g.
535 2100 566 2161 p.
586 2080 665 2164 214,
684 2080 727 2144 22
749 2080 833 2165 πρὸς
856 2077 874 2144 ὃ
898 2075 953 2143 καὶ
976 2080 1075 2160 λαλή-

57 2198 160 2266 σομεν
183 2180 236 2248 ἐπὶ
255 2186 333 2260 τοὺς
352 2183 592 2268 ἑκὸεὸομένους
609 2183 665 2251 ὑπ’
684 2185 793 2251 αὐτῶν
812 2187 933 2267 λόγους
952 2183 1074 2270 ἀναφέ-

54 2312 182 2374 povres.

341 2550 390 2605 De
414 2550 616 2618 argumento
640 2547 721 2605 libri
743 2548 787 2607 11.

124 2678 282 2756 Quoniam
319 2680 565 2765 dispositionem
598 2681 694 2746 huius
725 2680 803 2745 libri
836 2702 938 2764 paene
970 2685 1073 2746 totam

52 2785 138 2871 ipsis
151 2785 332 2851 Philodemi
346 2788 456 2853 verbis
475 2786 656 2852 adscribere
674 2787 759 2871 licet,
779 2790 936 2872 quantum
954 2787 987 2851 id
1005 2789 1075 2852 fieri

50 2896 198 2977 poterat,
222 2893 326 2958 facere
348 2916 414 2959 non
438 2894 592 2959 dubitavi.

381 3088 405 3153 I.
432 3086 600 3175 Ἑτέρων
623 3089 746 3168 δόξαι.

125 3233 153 3295 1.
177 3232 258 3296 κατὰ
282 3228 380 3318 μέρος
403 3235 514 3315 λόγων
538 3234 680 3316 διακοπὴ

177 3377 203 3419 a.
226 3367 293 3422 τῶν
321 3356 543 3441 ἠρωτημένων
570 3354 654 3444 ὑπὲρ
681 3369 743 3425 τοῦ
770 3354 889 3445 τέχνην
920 3359 970 3441 pq
989 3352 1083 3420 elcut

225 3464 287 3547 aaa
306 3463 489 3552 ῥητορικήν
513 3462 560 3559 (p.
583 3467 739 3559 13-2o,
756 3464 823 3548 tlt
845 3461 909 3534 aab
