2362 3832
494 165 537 173 —-
584 136 676 191 XVIII
725 164 763 172 —

121 288 188 353 curi
209 288 402 354 sententiam
422 286 529 351 eliciat
549 291 581 351 et
602 307 693 351 suam
711 307 785 351 cum
798 285 942 370 Epicuro
962 308 1140 374 congruere

121 395 245 479 probet.
273 393 398 460 Eodem
412 391 564 478 pertinet,
579 393 666 477 quod
679 391 888 457 Philodemus
903 417 934 477 p.
950 395 1003 478 97,
1020 397 1062 459 17
1073 418 1139 480 sqq.

120 501 266 587 disputat
288 521 355 565 non
379 520 417 563 ex
438 498 592 564 Convivio
616 498 668 564 vel
692 521 731 563 ex
749 498 844 564 libris
862 501 938 584 περὶ
956 503 1043 584 βίων
1062 501 1141 586 Epi-

119 608 185 673 curi
216 607 254 671 de
281 605 443 671 rhetorica
471 605 665 671 sententiam
692 604 803 690 quaeri
827 608 990 689 oportere,
1018 607 1140 672 sodex

121 714 191 797 ipso
215 713 253 777 de
277 711 437 778 rhetorica
459 712 554 777 libro.
590 711 704 796 ltaque
727 732 829 795 paene
853 716 977 777 certum
996 717 1046 778 est
1065 714 1141 778 Phi-

118 819 282 885 lodemum
309 816 467 903 respicere
495 819 587 904 haec,
620 839 702 902 quae
730 817 838 884 Stoico
866 818 974 884 nescio
1004 819 1056 884 cui
1086 822 1140 885 tri-

119 926 292 992 bueramus
324 927 520 1012 fragmenta:
553 946 655 1010 paene
688 928 811 990 certum
839 928 889 989 est
915 925 1002 989 hunc
1029 925 1140 1010 ipsum

118 1031 267 1098 libellum
295 1055 334 1097 ex
360 1030 550 1116 philosophi
573 1031 677 1097 nostri
701 1030 901 1096 bibliotheca
925 1053 1007 1116 esse,
1036 1054 1140 1118 eoque

119 1136 197 1203 olim
220 1138 347 1204 illatum
369 1160 446 1223 esse,
470 1144 507 1203 ut
525 1139 728 1204 refutaretur.
766 1136 909 1223 Cumque
928 1138 990 1202 hac
1008 1160 1140 1225 quoque

118 1244 170 1309 via
197 1245 232 1311 in
255 1244 435 1310 Philodemi
464 1244 698 1310 bibliothecam
720 1243 828 1309 reduci
851 1244 1046 1331 videremur,
1075 1246 1141 1312 iam

117 1374 182 1417 non
220 1352 410 1418 temerarius
443 1351 524 1416 mihi
555 1350 701 1437 videbar,
740 1351 826 1436 quod
859 1372 1068 1436 quaecunque
1103 1354 1141 1418 de

118 1459 278 1526 rhetorica
310 1459 345 1524 in
371 1458 563 1546 fragmentis
592 1462 718 1523 seruata
746 1461 822 1522 sunt
854 1458 911 1544 (=
940 1456 1035 1523 Hero.
1063 1461 1140 1524 voll.

117 1564 305 1652 V12-xl2),
329 1566 518 1650 priusquam
542 1563 740 1630 contrarium
763 1566 1039 1648 comprobaretur,
1062 1565 1138 1630 Phi-

118 1670 244 1736 lodemo
268 1671 480 1736 vindicabam.
556 1718 559 1722 ι

280 1949 329 2003 De
352 1945 545 2004 Phssodemi
568 1959 670 2015 opere
693 1949 770 2020 περὶ
793 1945 980 2021 ῥητορικῆς.

183 2095 357 2162 Volumina
383 2096 463 2161 haec
491 2096 531 2159 ad
554 2093 670 2160 Gaium
695 2097 854 2180 quendam
878 2119 1016 2181 puerum
1039 2100 1139 2166 missa

117 2209 205 2290 sunt,
233 2206 271 2269 cf.
295 2227 327 2289 p.
347 2205 426 2288 223,
450 2203 479 2268 5.
526 2201 612 2279 Quot
639 2201 715 2266 libri
744 2202 878 2288 fuerint,
905 2225 972 2268 non
999 2212 1093 2271 const
1114 2212 1136 2271 t.

115 2311 260 2376 Fuerunt
296 2315 405 2376 autem
444 2309 517 2394 ipso
554 2313 696 2375 testante
733 2314 862 2374 auctore
895 2308 1006 2393 plures
1039 2334 1137 2396 quam

116 2418 267 2501 quinque.
305 2415 350 2482 Of.
375 2439 407 2500 p.
427 2417 502 2499 224,
523 2417 557 2480 5:
584 2453 621 2462 -
648 2415 686 2480 ἐν
707 2427 777 2493 τοῖς
799 2416 941 2502 ὕστερον
964 2436 1136 2502 γραφησο-

116 2521 229 2607 μένοις
256 2523 369 2606 λόγοις
396 2521 689 2607 ἀποθεωρήσομεν.
739 2521 852 2607 Itaque
880 2543 953 2586 oum
981 2530 1136 2607 quartum

114 2628 236 2692 librum
262 2625 384 2711 finiret,
412 2626 523 2710 plures
547 2626 723 2693 etiamtunc
745 2629 848 2693 libros
871 2629 1076 2696 conscribere
1101 2633 1135 2698 in

115 2735 222 2798 animo
255 2733 409 2800 habebat.
461 2732 543 2799 Mihi
577 2739 685 2802 autem
717 2735 907 2801 uarietatem
938 2735 990 2800 vel
1023 2759 1136 2804 eorum

114 2839 314 2925 respicienti,
343 2861 424 2925 quae
447 2840 482 2905 in
504 2841 698 2928 fragmentis
721 2846 914 2926 tractantur,
938 2841 990 2906 vel
1013 2864 1136 2931 eorum,

115 2969 197 3031 quae
229 2945 351 3032 passim
385 2970 419 3013 se
451 2952 665 3014 tractaturum
694 2953 807 3013 auctor
834 2947 1019 3032 pollicetur,
1053 2972 1138 3034 quae

114 3055 251 3139 denique
271 3054 432 3122 continuis
453 3054 587 3140 papyris
606 3054 725 3120 tradita
739 3059 824 3138 sunt,
842 3055 1008 3140 aliquanto
1023 3057 1135 3139 plures

113 3162 212 3227 fuisse
240 3161 308 3228 veri
332 3161 436 3228 simile
459 3161 564 3228 visum
589 3167 646 3228 est.
693 3161 858 3246 Quamque
882 3162 1027 3246 amplum
1051 3186 1136 3249 opus

113 3268 246 3335 molitus
269 3269 321 3354 sit,
344 3269 396 3334 vel
418 3268 492 3334 indo
516 3269 593 3334 licet
618 3268 771 3353 conicere,
794 3268 881 3353 quod
900 3268 1022 3333 librum
1042 3292 1135 3355 quar·

113 3381 184 3440 tum
206 3375 241 3440 in
265 3375 343 3442 duas
366 3380 476 3460 partes
500 3375 641 3441 diremit.
683 3374 800 3441 Libros
823 3380 930 3440 autem
954 3376 1137 3464 continuos,

113 3482 141 3545 si
169 3503 332 3568 papyrum
357 3484 443 3547 1004
471 3481 540 3547 sine
568 3481 665 3547 titulo
691 3481 844 3547 traditam
866 3481 1058 3548 Philodemo
1083 3485 1134 3549 de-
