2362 3832
485 119 750 173 ..XXVI-

108 269 232 334 lustret.
269 267 355 336 Nam
374 268 429 354 qui
448 292 480 353 p.
495 271 549 353 47,
565 270 703 353 14-68,
720 272 737 334 1
759 268 908 352 citantur,
927 291 1043 335 omnes
1064 293 1132 337 esse

109 374 288 458 Epicureos
316 379 455 461 constat,
484 375 560 460 quia
584 376 701 440 horum
725 374 904 440 sententiae
928 375 968 439 ad
993 376 1132 461 Epicuri

108 503 256 547 normam
279 504 390 548 omnes
414 481 647 547 examinantur.
685 480 829 566 Cumque
853 503 1066 568 quaecunque
1091 486 1131 550 ab

110 587 183 652 aliis
215 587 282 653 sive
314 589 520 675 philosophis
553 588 619 654 sive
652 587 823 653 rhetoricis
851 588 1018 673 disputata
1046 597 1132 677 sunt,

109 694 303 760 rhetoricam
326 701 429 761 artem
452 718 521 762 1111
545 699 602 761 aut
622 699 743 782 negent
762 700 818 760 aut
837 697 989 782 probent,
1011 697 1130 784 viginti

108 802 175 867 fere
204 801 256 866 vel
288 802 398 886 plures
431 803 529 868 ctiam
560 803 700 888 ,,λόγοι“
732 802 784 868 vel
816 802 1046 888 ,,ἀποδείξεις“
1080 804 1131 870 vel

109 909 279 991 ,,πίστεις“
307 913 526 995 recensentur,
558 909 678 994 quibus
706 909 900 974 rhetoricam
927 915 1032 976 artem
1062 933 1130 976 esse

108 1019 260 1100 negetur,
297 1037 367 1100 sex,
400 1015 519 1101 quibus
553 1016 750 1081 defendatur.
804 1015 988 1081 Philodemi
1022 1021 1131 1082 autern

108 1119 191 1185 ratio
221 1142 258 1184 ea
285 1125 348 1206 111,
376 1125 413 1186 ut
438 1122 520 1207 ipsis
544 1126 713 1190 auctorum
734 1120 845 1187 verbis
867 1121 1050 1205 propositis
1074 1144 1130 1188 sua

110 1226 236 1312 adiciat,
261 1228 360 1293 semel
383 1227 481 1293 etiam
504 1228 702 1313 praemittat.
710 1226 735 1316 1)
773 1227 826 1294 Sic
845 1227 931 1293 enim
949 1227 1033 1294 illud
1053 1228 1130 1296 δέον

109 1332 166 1400 ἐπί
185 1357 287 1399 τινων
309 1338 524 1421 προρρήσεως
546 1334 602 1402 καὶ
624 1335 826 1422 ἑπιρρήσεως
849 1337 905 1418 31,
929 1336 945 1398 1
972 1334 1130 1420 interpre-

108 1441 243 1506 tandum
266 1445 323 1505 111.

175 1549 237 1614 Η11
265 1551 374 1614 autem
396 1549 478 1634 ipsis
502 1552 613 1632 λόγοις
635 1570 702 1613 non
724 1548 828 1614 multa
850 1548 1064 1614 antecessisse
1087 1547 1130 1613 vi·

110 1653 234 1718 dentur.
280 1655 481 1739 Quamquam
504 1654 590 1719 enim
613 1659 864 1720 consentaneum
888 1659 937 1719 111
961 1675 1051 1739 eum,
1075 1653 1130 1740 qui

111 1759 150 1824 de
182 1761 343 1826 rhetorica
376 1759 556 1845 scripturus
589 1760 648 1846 sit,
684 1761 888 1826 definitiones
919 1759 993 1826 illas
1025 1761 1130 1827 varias

109 1868 206 1932 huius
229 1868 309 1933 artis
332 1888 507 1951 recensere,
529 1871 638 1931 tamen
659 1866 728 1953 XF,
742 1870 785 1933 99
805 1872 838 1932 et
855 1866 924 1951 IX2,
938 1868 981 1932 99
1006 1865 1063 1954 (cf.
1078 1866 1130 1952 X²,

112 1972 192 2060 153)
220 1975 253 2038 id
280 1974 314 2039 in
342 1973 480 2060 singulis
507 1976 620 2056 λόγοις
646 1978 812 2058 tamquam
835 1972 1004 2039 subseciva
1029 1997 1129 2058 opera

109 2081 232 2145 factum
264 2103 333 2145 esse
364 2079 500 2144 ridetur.
550 2078 602 2144 Ibi
635 2080 721 2145 enim
748 2103 832 2165 opus
859 2079 1041 2145 rhetoricae
1069 2088 1128 2147 τοῦ

109 2190 242 2253 πείθειν
256 2210 306 2264 τις
320 2187 462 2272 δύναμις
474 2188 535 2252 τὸν
549 2185 716 2271 ἀκροατὴν
739 2187 892 2251 definitur
914 2192 948 2251 11
965 2186 1042 2250 finis
1062 2187 1129 2251 eius

109 2295 147 2358 τὸ
175 2297 254 2372 τοὺς
281 2291 522 2379 ἐνδεχομένους
547 2294 596 2369 εἰς
622 2293 662 2357 τὰ
688 2296 905 2378 προβλήματα
930 2296 1055 2377 λόγους
1077 2292 1130 2358 εὑ-

109 2398 214 2487 ρεῑν’)
238 2399 363 2465 dicitur.
380 2436 418 2447 -
434 2398 504 2465 Nec
528 2398 567 2462 de
590 2397 761 2462 cunabulis
779 2403 813 2462 11
831 2398 1030 2464 incremento
1050 2399 1130 2464 artis

109 2510 209 2590 caput
231 2504 446 2589 praemissum
468 2526 537 2568 esse
557 2503 685 2568 Coracis
708 2508 741 2568 et
759 2501 975 2589 Antiphontis
997 2506 1131 2570 nomina

108 2610 179 2696 Iu,
208 2613 269 2676 111
304 2609 435 2675 laudata
465 2609 546 2674 mihi
578 2609 770 2694 persuadere
798 2615 985 2696 potuerrmt.
1036 2611 1131 2688 Quod

109 2715 249 2800 denique
263 2713 412 2801 Gorgiae,
428 2713 590 2800 Isocratis,
607 2714 732 2801 Lysiae,
751 2715 807 2801 qui
825 2716 878 2781 his
896 2723 1131 2802 successerunt,

107 2821 178 2907 XI‘,
191 2824 235 2889 96
258 2821 380 2886 mentio
403 2822 452 2905 fit,
473 2821 536 2886 hoc
554 2844 683 2907 quoque
701 2822 736 2887 in
753 2821 862 2906 aliquo
881 2822 988 2907 capite
1007 2824 1131 2911 attingi

108 2928 215 3016 magis
237 2949 335 3013 quam
357 2951 417 3013 per
440 2929 739 3013 111-1111τί11111.
776 2927 872 2993 Falso
892 2928 987 3013 enim,
1010 2930 1130 3015 inquit,

107 3036 257 3103 nonnulli
280 3039 501 3121 exposuenmt
522 3035 598 3102 illos
614 3035 738 3101 nullam
760 3056 795 3099 se
818 3034 986 3100 scientiam
1004 3037 1129 3104 habere

108 3145 273 3224 professos
296 3165 374 3207 esse.

178 3306 206 3371 1)
224 3301 260 3357 cf.
279 3319 307 3372 p.
321 3307 366 3370 43,
384 3306 502 3368 29-44,
521 3305 564 3355 lo.

180 3390 311 3460 1)Η11111
334 3389 530 3459 quaestionem
553 3403 584 3443 sc
606 3386 776 3443 omissurum
798 3384 881 3453 dicit,
904 3386 974 3454 quia
995 3386 1072 3444 libro
1091 3391 1133 3444 IV

104 3487 172 3534 eam
190 3478 244 3534 fuit
262 3480 445 3535 tractaturus.
