2362 3832
455 125 695 179 -XIX—

63 273 159 358 deris
177 296 234 338 sex
252 274 419 359 habemus,
439 296 478 338 ex
498 274 618 358 quibus
637 274 700 339 duo
719 272 912 362 (papissa
933 277 1083 366 111015)

63 384 194 446 tantum
218 381 414 466 Φιλοδήμου
437 378 513 468 περὶ
533 381 709 467 ῥητορικῆς
731 381 881 466 inscripti
905 389 989 449 sunt.
1028 385 1083 450 Ce-

62 487 125 552 teri
148 486 238 551 tituli
263 490 351 552 sunt:

130 592 150 658 1.
177 592 205 658 I:
239 595 435 679 Φιλοδήμου
467 592 543 680 περὶ
572 594 747 682 ῥητορικῆς
776 596 1025 681 ὑπομνημάτων
1052 596 1082 663 κ’

59 703 106 787 ἂρ
130 702 240 767 ΧΧΧΑ
264 704 302 766 ἴε
326 703 380 766 ΧΖ
406 700 503 789 (puto
532 698 602 788 ρλζ’
627 701 727 765 fuisse
756 701 873 767 collato
901 702 986 768 libro
1014 703 1083 788 Nc,

62 807 154 872 cuius
182 806 315 872 ultimae
343 807 482 894 paginae
505 829 658 872 numerus
683 805 757 894 ρμζ’
782 808 986 892 subscriptus
1010 809 1083 897 est).

129 914 150 979 1.
173 913 217 979 11:
242 915 438 1000 Φιλοδήμου
460 912 537 999 περὶ
561 914 737 999 ῥητορικῆς
759 912 794 1000 β’
811 964 818 979 .
834 965 841 980 .
857 967 863 981 .
880 915 1083 1003 ΧΧΧΧΗΗῙ)

130 1021 150 1085 1.
174 1018 247 1086 [Vc
278 1022 473 1106 Φιλοδήμου
496 1018 572 1107 περὶ
596 1020 773 1108 ῥητορικῆς
801 1018 835 1087 δ’
860 1032 927 1087 τῶν
949 1023 996 1100 εἰς
1020 1024 1082 1088 δύο

61 1130 100 1193 τὸ
125 1129 289 1213 πρότερον

129 1233 150 1296 1.
173 1230 249 1297 IVb:
279 1233 474 1316 Φιλοδήμου
497 1230 573 1318 περὶ
598 1233 774 1319 ῥητορικῆς
798 1231 832 1299 δ’
857 1244 922 1300 τῶν
946 1235 995 1310 εἰς
1018 1235 1080 1300 δύο

60 1341 99 1404 τὸ
119 1339 278 1425 δεύτερον
296 1337 368 1426 (qui
386 1337 503 1403 titulus
521 1339 556 1403 in
574 1339 637 1403 fine
657 1340 775 1424 papyri
789 1339 994 1423 subscriptus
1009 1337 1082 1426 est).

129 1443 204 1510 Sine
240 1444 339 1509 dubio
374 1445 514 1528 scriptor
546 1467 605 1529 per
637 1450 744 1510 totum
772 1467 855 1529 opus
883 1446 1081 1510 accuratissi-

60 1572 151 1616 mam
175 1549 420 1636 dispositionem
443 1555 572 1615 secutus
596 1555 654 1635 est,
677 1556 714 1615 ut
738 1551 828 1615 solet.
870 1549 973 1635 Saepe
997 1552 1083 1617 enim

60 1656 264 1743 singularum
291 1656 434 1742 partium
461 1656 707 1741 dispositionem
731 1662 973 1743 commemorat,
1002 1680 1082 1743 quas

60 1764 252 1848 absolverit,
280 1786 360 1848 quas
384 1769 582 1829 tractaturus
606 1763 657 1828 sit.
704 1763 802 1829 Cuius
824 1764 871 1829 rei
895 1765 1081 1848 exemplum

58 1870 183 1935 librum
210 1871 386 1936 secundum
413 1871 599 1955 perlustres.
644 1870 714 1937 Nec
737 1875 846 1936 tamen
869 1872 952 1936 hanc
976 1871 1081 1955 dispo·

60 1977 222 2061 sidonem,
246 1977 398 2062 quoniam
421 1977 564 2064 ingentis
588 1978 696 2062 operis
718 2001 785 2043 non
806 1978 853 2042 ita
871 1978 990 2043 multas
1010 2001 1082 2043 con-

61 2085 171 2150 tinuas
194 2089 305 2168 partes
327 2084 496 2168 habemus,
519 2084 689 2150 restituere
713 2090 769 2150 aut
793 2085 950 2170 dispicere
970 2106 1082 2168 possu-

58 2213 141 2256 mus.
188 2190 323 2278 Singula
345 2213 421 2256 vero
446 2197 624 2278 emergunt.

127 2296 236 2381 Atque
256 2297 413 2361 nonnulla
431 2296 471 2361 iis
490 2297 570 2360 locis
589 2297 759 2380 patefiunt,
783 2297 902 2381 quibus
921 2296 973 2361 vel
992 2301 1081 2361 ante-

58 2403 207 2469 cedentia
238 2403 373 2487 respicit
399 2403 451 2468 111
479 2403 653 2487 pollicetur
679 2404 797 2467 futura.
847 2401 1081 2468 Antecedentia

57 2514 169 2575 autem
201 2516 444 2594 commemorat,
482 2514 519 2575 ut
552 2511 701 2575 omittam
733 2533 785 2594 ea,
818 2532 899 2596 quae
931 2510 1082 2575 videntur

57 2614 185 2681 minora
207 2615 259 2680 vel
283 2614 462 2702 obscurai),
486 2638 517 2699 p.
537 2617 591 2700 98,
609 2618 650 2682 27
676 2615 712 2681 ἐν
735 2625 781 2703 τῷ
803 2618 867 2702 πρὸ
891 2617 1012 2691 τούτου
1039 2653 1077 2663 -

56 2725 296 2809 παρεθήκαμεν
318 2722 338 2786 1.
359 2745 384 2787 e.
403 2722 489 2787 libro
513 2722 629 2806 primo·
665 2722 789 2787 Eodem
811 2723 896 2787 libro
915 2723 967 2787 vel
985 2722 1080 2787 initio

56 2828 191 2894 secundi
229 2829 266 2893 de
303 2828 459 2913 Polyaeni
496 2830 547 2913 vel
584 2828 694 2913 potius
728 2829 766 2892 de
798 2828 1076 2913 Pseudopolyaeni

56 2935 197 3021 quadam
221 2936 382 3001 sententia
406 2935 527 3001 dictum
551 2941 634 3020 erat,
664 2938 702 3001 cf.
727 2938 780 3019 49,
801 2938 899 3020 tsqq.
945 2934 1079 3000 Maioris

56 3042 216 3108 momenti
240 3065 276 3107 ea
300 3047 389 3129 sunt,
413 3065 494 3127 quae
518 3043 686 3107 materiam
710 3044 853 3106 futuram
876 3041 1079 3126 adumbrant,

131 3308 159 3376 1)
178 3305 304 3361 Titulum
324 3323 358 3362 ex
375 3305 483 3362 duobus
499 3308 617 3361 duarum
632 3322 803 3376 papyrorum
817 3302 909 3358 titulis
925 3303 1077 3373 composui.

55 3395 198 3450 Litteram
217 3392 246 3468 β’
265 3397 378 3450 tantum
396 3395 580 3466 apographon
600 3394 649 3450 Ox,
668 3410 734 3464 pap.
751 3397 819 3448 1672
839 3392 961 3449 exhibet.

131 3485 159 3553 a)
184 3483 218 3540 ef.
239 3490 282 3557 aa,
302 3491 332 3554 ις
353 3491 413 3556 155,
432 3490 461 3556 ι;
483 3490 544 3555 rea,
565 3489 613 3554 ro;
634 3490 693 3554 191,
713 3488 738 3538 ι.

824 3571 868 3624 a*
