2362 3832
442 151 479 160 --
528 123 692 178 XXV-

119 272 152 336 b.
162 260 166 265 *
176 274 238 357 τὴν
252 264 451 358 σοφιστικὴν
467 272 646 360 ῥητορικὴν
659 271 779 360 τέχνην
792 270 975 359 λεγομένην
987 277 1076 360 παρὰ

176 390 245 456 τοῖς
264 379 439 467 ἀνδράσιν,
461 376 539 445 καθ’
559 379 618 457 οὓς
636 386 900 466 φιλοσοφοῦμεν,
923 380 960 446 ἐκ
974 384 1075 465 μεθό-

178 487 240 552 δου
268 489 327 552 καί
349 510 439 563 τινος
460 496 528 552 τῶν
552 490 725 573 στοιχείων
747 489 963 574 παραδόσεως
986 510 1077 571 γινο-

176 589 292 678 μένην,
310 590 396 677 μηδδ
412 594 496 680 πρὸς
515 592 678 677 ἀλλήλους
696 593 781 679 ἡμᾶς
795 594 916 673 αὐτοὺς
929 593 984 660 καὶ
998 597 1077 672 τοὺς

175 697 443 786 προλεγομένονς
465 698 673 787 διεσιῶταςῐ)
700 724 732 785 p.
753 703 805 786 77,
823 702 1000 785 att-122,
1024 701 1076 766 25.

125 828 151 870 o.
174 804 229 872 not
256 809 294 872 τὸ
321 808 383 891 τὴν
412 809 608 893 σοφιστικὴν
630 805 706 893 περὶ
729 803 790 892 μὲν
813 809 924 891 λόγων
948 808 1078 893 γραφὰς

175 911 232 978 nat
264 912 438 991 ἐπιδείξεις
464 911 584 999 τέχνην
613 908 716 998 εἶναι,
747 911 823 1000 περὶ
852 910 890 979 ot
916 915 954 980 τὸ
983 916 1078 991 δίκας

179 1017 289 1102 λέγειν
307 1017 364 1085 καὶ
383 1020 584 1106 δημογορελν
602 1019 665 1085 οὐκ
684 1014 770 1086 εἶναι
787 1019 939 1108 τέχνηνῖ)
959 1044 990 1106 p.
1003 1022 1077 1104 122,

175 1127 341 1210 25-136‚
360 1127 412 1191 20.
442 1205 445 1211 .

121 1232 149 1296 d.
174 1234 222 1298 ἔτι
245 1235 282 1298 τὸ
305 1234 367 1318 τὴν
389 1234 563 1317 πολιτικὴν
585 1232 622 1299 ἐν
647 1234 775 1322 ἱστορίᾳ
797 1231 853 1299 καλ
875 1238 971 1319 τριβῇ
994 1241 1077 1300 καθ-

175 1337 362 1423 εστηκέναι,
396 1341 547 1425 τεχνικὸν
580 1336 617 1406 δὲ
649 1337 759 1425 μηδὲν
790 1337 1077 1427 προσφέρεσθαι3)

177 1469 208 1530 p.
230 1447 302 1530 136,
322 1446 486 1511 20-146.

124 1551 237 1616 Hebes
263 1553 343 1636 fere,
372 1573 453 1635 quae
482 1551 516 1615 in
544 1551 706 1617 continuis
730 1552 864 1636 papyris
887 1555 1077 1618 tractantur.

54 1656 164 1724 Multa
193 1661 301 1723 temen
330 1657 573 1723 interciderunt.
618 1657 696 1723 Dixi
723 1680 868 1743 papyros
895 1660 974 1743 408,
1002 1661 1077 1744 409,

54 1765 137 1849 425,
168 1765 267 1850 1079,
298 1751 738 1850 1oeo‚1111‚1oeo'huo
770 1765 941 1850 peremere.
991 1764 1077 1832 uam

54 1875 167 1937 textus
186 1870 388 1957 singularum
407 1872 600 1958 paginarum
619 1876 675 1937 aut
694 1892 768 1937 eum
782 1895 908 1957 papyro
924 1872 1076 1938 continua

56 1982 114 2043 aut
142 2000 216 2044 oum
243 1977 315 2043 aliis
343 1979 460 2044 horum
487 1980 744 2065 fragmentorum
772 1980 902 2067 paginis
930 1980 976 2045 ita
1005 2002 1077 2044 eon·

58 2085 152 2168 cinit,
180 2091 216 2150 ut
244 2108 285 2151 ex
308 2085 409 2150 altero
434 2085 571 2151 alterum
594 2085 742 2170 pendeat.
788 2086 850 2150 His
873 2091 1000 2170 septem
1023 2107 1077 2170 pa-

58 2192 151 2276 pyris
178 2192 341 2258 addendae
369 2196 445 2258 sunt
473 2194 674 2276 p.1573=
693 2190 785 2257 λῙΙΠ2
808 2192 863 2257 fol.
882 2193 1015 2258 42-52
1045 2197 1079 2255 et

58 2321 92 2383 p.
111 2299 176 2364 468
197 2329 239 2352 =
259 2297 302 2362 Χ2
326 2299 472 2382 63-66,
501 2319 580 2382 quas
607 2301 717 2381 partes
746 2319 815 2362 esse
838 2297 935 2362 huius
958 2297 1077 2381 papyri

57 2410 250 2491 argumento
274 2404 487 2470 demonstrari
511 2426 607 2489 posse
631 2403 764 2468 confido.

126 2509 247 2597 Agitur
279 2515 387 2577 autem
419 2512 480 2576 hoe
512 2515 583 2576 toto
616 2510 701 2576 libro
731 2509 810 2575 trita
838 2509 894 2575 illa
922 2510 1078 2596 quaestio,

60 2617 146 2682 sitne
169 2639 220 2683 ars
242 2617 404 2682 rhetorica
422 2639 530 2683 neone.
563 2615 612 2682 Ae
630 2617 737 2702 priore
757 2622 849 2702 parte
868 2617 1077 2682 Philodemus

57 2724 189 2809 alienas,
207 2724 308 2790 altera
327 2746 401 2790 suas
419 2725 544 2809 profert
564 2725 748 2790 sententias.
777 2724 920 2802 Quarum
934 2723 1077 2809 partium

56 2829 150 2916 prior
181 2831 228 2895 ita
255 2829 413 2915 bipertita
441 2834 504 2915 est,
537 2852 558 2895 u
602 2830 744 2915 primum
770 2830 908 2896 aliorum
936 2830 1077 2915 philoso-

56 2938 212 3022 phorum,
249 2937 363 3002 deinde
401 2937 639 3021 Epicureorum
676 2939 971 3024 argumentationes
1008 2957 1079 3019 per-

131 3133 157 3198 1)
178 3128 253 3184 Satis
272 3129 382 3184 ineerta
399 3129 549 3200 proposui,
572 3131 669 3185 tarnen
688 3131 727 3184 sio
745 3129 805 3183 fere
824 3128 984 3200 supplenda
1002 3128 1075 3194 sunt,

55 3234 131 3290 quae
154 3236 182 3288 p.
203 3224 237 3274 68
259 3235 318 3272 non
339 3220 470 3289 poteram
493 3218 651 3273 emendare.
693 3217 732 3273 of.
756 3235 784 3287 p.
805 3224 852 3288 ⁷7,
877 3225 911 3272 26
922 3233 982 3285 sqq.
1007 3213 1077 3268 ἀλλὰ

53 3317 109 3364 νῦν
129 3338 164 3349 -
183 3308 235 3378 οὐχ
253 3307 340 3378 ἡμεῖς.

129 3399 157 3466 2)
176 3397 212 3451 ef.
232 3401 292 3464 122,
311 3402 345 3452 25
356 3413 414 3465 sqq.

129 3487 159 3555 3)
177 3483 210 3540 ef.
231 3491 288 3554 136,
308 3490 413 3555 torno,
