2362 3832
530 127 761 181 —XII—

137 279 269 345 discissa
301 283 359 345 est.
408 277 494 346 Nam
522 300 596 344 eum
623 279 667 343 24
695 275 834 363 paginae
863 276 1011 341 evolutae
1041 283 1160 363 essent,

136 387 223 452 bello
261 385 479 452 intercedente
516 406 599 469 opus
636 383 792 449 omissum
830 386 879 448 est
911 381 1010 471 (anno
1047 383 1159 471 1799).

137 493 280 578 Cumque
308 494 369 558 hae
397 494 441 558 24
464 491 602 578 paginae
627 490 725 555 nimis
749 489 939 556 dilaceratae
964 491 1045 574 sint,
1074 513 1158 576 quae

135 601 246 685 paullo
274 604 350 685 post
378 600 525 665 evolutae
553 601 629 663 sunt
656 597 795 684 paginae
818 599 863 663 44
890 597 1061 684 egregium
1088 603 1157 663 tex-

136 712 206 771 tum
239 706 404 772 exhibent.
458 705 497 770 In
529 727 593 790 quo
626 708 871 789 peropportune
904 703 1036 791 accidit,
1071 706 1158 791 quod

136 813 236 901 Angli
268 815 352 879 hanc
383 817 511 898 partem
543 810 782 896 descripserunt
814 810 873 899 (=
894 809 988 875 Here.
1007 811 1095 876 Voll.
1119 811 1157 897 Π,

136 944 167 1004 p.
191 919 323 1007 1-45).
370 919 571 1004 Quamquam
598 918 683 983 enim
712 939 828 1002 parum
851 917 1026 1004 diligenter
1049 919 1084 984 in
1108 919 1157 984 de·

137 1027 306 1091 scribendo
320 1026 439 1092 versati
459 1031 544 1112 sunt,
562 1029 671 1090 tamen
690 1024 810 1090 multas
829 1023 997 1090 schedulas
1017 1025 1156 1113 margini

137 1133 334 1219 6111600111111,
358 1155 440 1218 quae
463 1133 498 1198 in
520 1132 553 1201 N
576 1133 701 1198 desunt.

202 1240 352 1324 Papyrus
377 1242 462 1306 1669
487 1240 651 1325 quintum,
680 1260 776 1323 quem
799 1238 909 1323 posui,
936 1237 1062 1303 librum
1086 1260 1155 1304 con·

137 1345 221 1411 tinet
237 1378 279 1400 =
293 1345 337 1412 Vl
355 1348 376 1411 f.
394 1349 510 1413 1-67.
538 1347 652 1411 Partes
672 1345 814 1410 eiusdem
833 1343 952 1429 papyri
973 1367 1045 1410 esse
1064 1345 1155 1410 credo

136 1475 211 1537 pap.
226 1455 292 1519 220
307 1485 349 1506 =
363 1451 423 1519 VI²
442 1454 497 1519 fol.
514 1454 688 1520 188-109
709 1456 742 1516 61
760 1476 792 1537 p.
809 1453 905 1536 1078,
926 1453 1014 1517 1080
1030 1449 1156 1517 =Vll²

137 1558 191 1622 fol.
208 1561 391 1626 161-185.
419 1559 540 1645 Papyri
558 1561 642 1625 1018
658 1562 691 1623 61
707 1560 794 1624 1080
808 1559 991 1645 fragmenta
1004 1557 1155 1643 Neapoli·

138 1664 206 1728 tani
219 1665 362 1730 numeris
374 1669 482 1732 1-32
494 1666 728 1750 inscripserrmt
741 1670 897 1750 tanquam
910 1664 1007 1730 unius
1018 1665 1155 1748 chartae,

137 1775 223 1834 recte
251 1771 320 1835 sine
349 1771 457 1836 dubio.
503 1771 616 1856 Itaque
643 1772 695 1836 his
719 1771 898 1837 coniunctis
921 1774 988 1836 tres
1013 1793 1155 1857 papyros

136 1877 303 1963 habemus,
326 1878 378 1942 161
401 1878 511 1962 potius
534 1883 601 1943 tres
622 1878 718 1943 unius
742 1877 859 1963 papyri
878 1881 997 1961 partes
1040 1877 1155 1943 Forma

137 1982 319 2047 litterarum
341 1984 438 2068 plane
463 1984 573 2049 eadem
596 1990 658 2070 est,
682 1988 808 2049 constat
831 1983 930 2068 ratio,
954 1983 982 2048 si
1005 2006 1155 2049 versuum

137 2111 316 2175 numerum,
335 2089 390 2175 qui
406 2095 455 2154 est
469 2090 691 2176 quadraginta,
710 2094 888 2174 computas,
907 2095 1046 2175 constat,
1066 2091 1095 2156 si
1108 2091 1155 2156 lit-

137 2200 279 2262 terarum
302 2197 335 2262 in
355 2196 492 2284 singulis
510 2196 657 2261 versibus
676 2219 846 2262 numerum
863 2196 1009 2282 respicis,
1034 2199 1093 2282 qui
1112 2201 1154 2262 est

138 2303 367 2390 duodeviginti.
404 2304 485 2368 Erat
508 2304 588 2367 haec
611 2304 715 2367 omnis
739 2324 892 2387 papyrus,
916 2303 1003 2386 quod
1028 2304 1154 2389 quidem

138 2432 177 2473 ex
206 2411 363 2495 exemplis
385 2410 612 2494 Neapolitanis
636 2410 787 2496 conicias,
812 2432 879 2474 non
901 2409 971 2474 sine
995 2411 1155 2499 elegantia

139 2515 276 2598 quadam
299 2520 332 2579 et
356 2516 528 2602 diligenter
551 2515 741 2600 conscripta.
787 2514 826 2579 In
849 2518 892 2582 82
916 2515 1083 2583 continuis
1106 2541 1154 2603 pa·

138 2620 224 2706 ginis
247 2644 375 2706 semper
397 2622 527 2686 initium
550 2628 583 2687 et
605 2622 680 2688 finis
704 2623 828 2708 desunt,
851 2621 957 2686 media
980 2623 1063 2689 folia
1082 2623 1154 2690 satis

137 2726 238 2791 rastis
260 2727 384 2792 lacunis
406 2728 511 2793 lacera
534 2733 618 2793 sunt.
654 2727 755 2815 Angli
778 2729 861 2792 hanc
880 2748 1011 2812 quoque
1032 2736 1154 2815 partem

139 2833 391 2921 descripserunt,
418 2836 503 2900 unde
525 2834 558 2902 N
580 2858 647 2900 non
670 2835 782 2920 paucis
805 2833 884 2900 locis
907 2834 960 2899 vel
984 2837 1155 2924 corrigitur

137 2940 189 3004 161
213 2942 402 3026 completur.

203 3046 332 3134 Papyro
354 3049 440 3114 1015
464 3080 506 3101 =
525 3045 570 3112 V2
588 3049 610 3112 f.
626 3049 779 3114 11-152
803 3048 831 3112 11
854 3046 939 3111 liber
963 3050 1154 3135 continetur,

138 3176 234 3237 quem
251 3160 344 3220 sexto
358 3155 429 3220 loco
444 3155 548 3239 posui.
572 3153 710 3220 Videtur
723 3153 950 3242 neglegentius
965 3157 1155 3243 conscripta,

138 3260 165 3324 si
193 3259 375 3325 litterarum
407 3263 544 3326 formam
574 3261 716 3346 respicis.
767 3262 939 3326 Praeterea
972 3265 1154 3350 exemplum

136 3365 390 3450 Neapolitanum
409 3367 487 3433 satis
502 3369 691 3433 mendosum
706 3373 763 3454 est,
782 3371 927 3452 praestat
941 3372 1155 3458 apographon

137 3472 333 3557 oxoniense,
357 3475 442 3557 quod
466 3480 498 3539 et
522 3475 700 3540 accuratius
724 3479 757 3540 et
779 3473 913 3540 uberius
937 3481 996 3542 est.
