2362 3832
479 132 772 186 —XXXIV—

118 285 174 368 qui
197 305 302 367 neque
325 283 360 348 in
383 282 503 347 forensi
527 303 631 366 neque
651 282 685 345 in
704 281 847 346 iudiciali
865 303 970 366 neque
990 283 1026 347 in
1046 306 1140 367 pane-

118 390 230 476 gyrico
253 411 371 476 genere
390 388 493 454 ullum
511 389 574 453 arti
592 387 700 453 locum
719 410 788 452 esse
808 387 903 454 dixit:
927 411 1034 473 neque
1055 391 1140 456 enim

118 519 187 562 esse
211 518 306 580 posse
329 495 420 581 vulgi
440 495 600 579 quandam
619 516 692 559 cum
710 498 779 559 arte
799 495 1044 579 persuasionem
1063 496 1140 581 Epi-

118 604 186 669 curi
205 601 392 668 testimonio
412 601 569 687 patefieri,
593 601 679 685 quod
698 623 729 684 p.
745 601 788 666 94
807 601 980 685 profertur.
988 601 1015 686 ¹)
1043 602 1139 680 Quin-

117 716 171 776 tus
190 709 313 775 accedit
332 707 488 794 magister
503 706 721 791 Atheniensis,
744 707 800 792 qui
820 730 893 773 oum
910 708 1022 774 XXVl
1039 732 1139 776 annos

118 815 361 901 philosophiam
375 811 622 901 (Epicuream?)
641 814 842 900 profiteatur,
859 819 970 880 tamen
986 817 1047 882 ubi
1061 817 1139 881 haec

120 921 266 1007 quaestio
289 921 491 1007 profligetur,
513 944 579 986 non
601 921 761 987 invenerit
784 922 904 1006 quique
927 945 947 986 a
970 923 1139 1008 discipulis

119 1029 263 1095 sollertia
290 1032 323 1093 et
346 1028 521 1115 indagandi
543 1028 699 1092 fehcitate
722 1032 893 1112 superatus
917 1029 969 1094 sit.
1016 1029 1139 1115 Itaque,

119 1136 235 1220 inquit,
256 1138 293 1199 ut
312 1134 360 1199 illi
379 1135 500 1201 frustra
519 1156 671 1219 quaerere
691 1134 882 1219 desinerent,
900 1135 975 1201 illos
994 1136 1139 1221 Epicuri,

119 1241 320 1327 Hermarchi,
342 1240 521 1307 Metrodori
538 1241 628 1307 locos
646 1241 681 1305 in
699 1241 804 1306 medio
824 1243 991 1327 proposui·
1010 1282 1049 1291 —
1065 1243 1138 1311 Non

119 1370 253 1434 possum
273 1347 402 1434 singula
420 1347 580 1432 persequi,
604 1347 757 1432 quoniam
775 1347 849 1412 illae
869 1348 1010 1435 paginae
1030 1349 1138 1415 etiam-

119 1478 204 1521 nunc
226 1476 379 1540 magnam
402 1459 529 1539 partem
552 1454 770 1520 restituendae
793 1459 878 1519 sunt.

185 1561 454 1646 Insequentibus
474 1584 519 1647 ea,
543 1583 624 1645 quae
643 1561 816 1626 adversarii
835 1583 875 1625 ex
893 1560 989 1626 libris
1003 1562 1138 1647 Epicuri

119 1673 152 1732 et
162 1668 339 1733 Metrodori
352 1673 464 1734 contra
472 1668 698 1733 Philodemum
707 1667 893 1752 attulerant,
904 1669 1138 1735 examinantur.

118 1775 167 1839 Ac
186 1774 328 1858 primum
347 1798 378 1858 p.
396 1776 468 1858 102,
482 1776 645 1857 22-119,
660 1775 700 1840 27
716 1774 808 1839 locus
823 1771 969 1839 Conririi
983 1775 1137 1861 Epicurei

119 1884 290 1964 tractatur,
319 1902 415 1964 quem
442 1880 615 1945 adversarii
643 1884 755 1945 contra
780 1879 1008 1946 Philodemum
1032 1883 1137 1948 afferri

120 2009 216 2071 posse
240 1989 441 2070 putaverant.
479 1986 561 2051 Tum
581 1989 655 2071 119,
673 1988 838 2072 28-120,
858 1987 878 2051 5
900 2008 941 2050 ne
960 1987 1138 2055 Metrodori

121 2093 251 2177 quidem
278 2093 367 2159 locos
394 2097 506 2158 contra
533 2116 566 2157 se
595 2093 770 2177 productos
799 2093 974 2177 quidquam
998 2097 1136 2179 probare

120 2223 216 2285 posse
246 2200 337 2285 dicit,
364 2199 594 2284 pollicitusque
623 2223 656 2265 se
685 2200 877 2286 singillatim
906 2200 943 2264 de
971 2203 1137 2268 nonnullis

119 2309 217 2373 rebus
241 2308 306 2373 alio
330 2307 428 2371 etiam
450 2306 522 2372 loco
545 2308 645 2372 verba
668 2308 829 2372 facturum
847 2306 1037 2394 Metrodori,
1060 2309 1138 2376 Her·

119 2415 255 2500 marchi,
283 2414 419 2499 Epicuri
441 2413 637 2479 testimoniis
661 2413 927 2498 acquiescendum
953 2420 1066 2481 censet
1089 2417 1139 2482 ad·

118 2521 203 2586 iecto
232 2523 293 2587 sub
322 2522 420 2585 finem
446 2521 543 2586 huius
566 2520 669 2605 partis
691 2520 868 2586 Metrodori
891 2521 977 2605 loco,
1010 2544 1140 2607 quone

120 2627 332 2711 sophisticam
355 2627 484 2711 quidem
507 2627 701 2693 rhetoricam
723 2628 810 2692 haud
833 2649 924 2692 secus
947 2650 986 2692 ac
1008 2629 1139 2696 iudicia·

118 2735 183 2799 lem
212 2739 244 2800 et
272 2736 433 2800 forensem
460 2735 529 2800 sine
558 2757 618 2800 usu
642 2735 780 2820 quodam
804 2757 841 2800 ao
864 2757 971 2802 rerum
995 2735 1141 2803 civilium

119 2841 238 2905 notitia
262 2842 399 2928 cogitari
422 2864 518 2926 posse
542 2842 730 2926 explicetur.

188 2947 307 3034 Tertio,
332 2949 417 3032 quod
435 2952 598 3034 posuerat,
622 2948 728 3032 capite
748 2948 794 3037 (p.
812 2951 884 3033 122,
899 2949 1067 3037 25-136,
1082 2949 1139 3037 20)

120 3054 307 3139 exponitur:
340 3057 426 3120 ὃιόιι
459 3058 500 3141 δὴ
531 3054 586 3120 καὶ
615 3049 685 3120 κατ’
716 3054 879 3140 ἀλήθειαν
910 3053 931 3136 ἡ
962 3058 1137 3140 σοφιστικὴ

120 3161 277 3248 ῥητορικὴ
305 3160 403 3248 τέχνη
426 3164 475 3239 τίς
499 3160 589 3228 ἐστιν
611 3164 744 3248 περίτι
766 3162 824 3239 τὰς
847 3159 1036 3245 ἐπιδείξεις,
1069 3164 1139 3239 οἵας

194 3410 220 3473 1)
244 3404 335 3461 Video
358 3424 433 3461 nunc
451 3426 478 3477 p.
494 3414 528 3464 94
548 3424 610 3462 cum
631 3413 694 3478 100,
716 3412 860 3475 12-101,
880 3413 914 3463 33
938 3407 1137 3464 conferendam

107 3509 183 3564 esse,
207 3494 283 3551 unde
302 3500 351 3570 95,
373 3502 389 3554 7
409 3506 507 3556 κακῶν
525 3497 683 3569 legendum
700 3512 763 3551 esse
781 3495 885 3552 elucet.
