2362 3832
492 167 535 175 —-
582 140 661 194 XXII
706 167 751 176 -

111 290 268 355 fitendum
291 290 343 375 sit,
366 293 400 354 at
420 310 480 355 nec
498 287 614 354 melius
632 311 691 354 nec
711 309 784 355 cum
802 293 893 354 tanta
912 288 1046 355 artificii
1068 315 1141 377 pro·

111 397 251 482 prietate
274 420 333 462 nec
356 402 424 462 tam
447 397 559 462 stricte
583 419 681 482 quam
704 396 821 461 artifex
845 395 1071 481 persuadebit.

178 505 279 570 Porro
303 509 577 591 argumentorum,
601 524 682 588 quae
706 501 754 567 illi
778 503 957 588 proferunt,
982 502 1049 568 alia
1073 527 1139 570 uon

111 611 267 676 concinna
301 616 390 696 sunt,
423 611 486 676 alia
518 633 559 675 ne
591 609 716 676 diuersa
744 608 874 694 quidem
902 610 990 675 inter
1016 633 1053 675 se
1083 611 1139 676 sed

112 718 252 781 iactandi
271 718 376 805 gratia
395 716 606 783 multifariam
625 721 751 783 mutata
771 720 804 780 et
821 715 952 781 uariata.
985 716 1038 781 Eo
1060 740 1137 802 quo·

113 846 174 908 que
198 824 278 889 vitio
302 823 400 890 nimis
423 824 554 889 illorum
576 823 654 888 libri
677 823 843 908 laborant,
867 822 954 908 quod
977 845 1029 907 ea,
1055 845 1136 908 quae

112 952 172 1014 per
199 953 233 995 se
261 931 334 1016 ipsa
361 935 489 1015 patent,
518 930 740 995 demonstrant
762 951 822 995 nec
845 929 911 994 ullo
937 928 1051 994 ordine
1078 930 1137 996 dis·

114 1036 222 1119 posita
242 1041 431 1121 proponunt
449 1034 538 1124 (N):
562 1058 644 1121 quae
663 1036 794 1121 quidem
812 1036 852 1100 ad
872 1035 1031 1120 plurimos
1052 1058 1136 1102 com-

112 1142 288 1208 meritorios
312 1142 453 1229 pertinet
476 1142 715 1231 vituperatio.1)
760 1141 861 1209 Velut
883 1166 943 1227 per
966 1165 1000 1208 se
1025 1142 1137 1228 ipsum

112 1253 204 1332 patet
227 1249 386 1333 facileque
409 1248 474 1314 iliis
499 1249 692 1315 concedetur
714 1249 811 1315 certis
835 1250 1032 1334 quibusdam
1055 1250 1136 1315 locis

113 1378 149 1422 ac
177 1354 381 1440 temporibus
410 1360 513 1420 artem
539 1356 663 1421 nullam
687 1355 863 1440 exstitisse,
891 1356 919 1421 si
942 1355 1031 1440 apud
1055 1379 1137 1442 quos

112 1462 164 1526 vel
183 1463 302 1547 quibus
321 1462 525 1548 temporibus
539 1461 701 1528 scribendi
719 1467 822 1528 artem
836 1461 936 1527 fuisse
950 1463 1137 1548 negandum

113 1569 169 1654 sit,
202 1569 289 1653 apud
318 1592 372 1634 eos
400 1592 440 1634 ne
470 1574 555 1635 artes
583 1569 713 1654 quidem
740 1567 859 1634 litteris
887 1567 1056 1634 mandatas
1088 1569 1136 1634 de-

114 1679 310 1740 monstrasse
324 1675 529 1740 ridebuntur.
555 1675 704 1759 Denique
718 1674 770 1740 vel
784 1697 895 1740 omnes
909 1674 961 1738 vel
975 1674 1135 1758 plurimae

116 1781 414 1867 argumentationes
441 1781 494 1846 vel
521 1781 680 1846 concessis
708 1780 895 1865 praemissis
922 1801 988 1845 non
1012 1781 1047 1845 id
1072 1782 1136 1846 effi-

115 1888 214 1973 ciunt,
234 1887 320 1972 quod
338 1887 371 1973 ii,
390 1887 446 1972 qui
465 1887 538 1951 ilias
558 1892 818 1973 composuerunt,
837 1886 991 1952 volebant
1006 1886 1136 1953 demon·

115 1993 219 2058 strari.
257 1993 350 2070 Quod
373 1994 459 2059 enim
482 1993 598 2058 accidit
621 1994 657 2059 in
678 1994 809 2080 musica,
833 2000 869 2059 ut
888 1994 915 2060 si
935 1994 1043 2059 minus
1063 1993 1136 2060 scri-

114 2100 212 2164 bendi
235 2099 287 2165 vel
309 2100 438 2187 legendi
462 2122 513 2165 ars
536 2099 610 2163 inde
633 2104 793 2184 nascatur,
816 2105 850 2164 at
872 2098 1007 2164 aliarum
1026 2123 1134 2166 rerum

114 2206 248 2272 scientia
272 2229 341 2272 esse
365 2207 480 2294 possit,
503 2206 589 2271 idem
612 2228 672 2272 usu
695 2205 785 2270 venit
808 2205 842 2269 in
865 2206 1036 2291 rhetorica,
1059 2207 1135 2271 licet

114 2314 249 2398 politica
269 2319 301 2379 et
320 2336 397 2380 usus
416 2313 554 2379 forensis
573 2312 663 2378 illinc
680 2334 748 2377 non
767 2292 927 2376 efficiatur
941 2308 1009 2400 (V).
1034 2312 1135 2377 Recte

116 2424 225 2484 autem
253 2420 387 2504 iudicat,
416 2421 472 2506 qui
495 2419 664 2504 politicam
685 2440 752 2483 non
776 2441 815 2482 ex
839 2417 1018 2501 sophistica
1043 2425 1154 2503 quae'

115 2526 248 2589 rendam
274 2530 390 2590 censet.
437 2524 506 2590 Iam
528 2528 565 2589 ut
590 2524 756 2589 dialectica
779 2547 830 2588 ars
854 2528 916 2608 est,
944 2545 1003 2588 nec
1026 2528 1137 2590 tamen

116 2631 292 2716 quidquam
320 2653 380 2715 per
408 2654 442 2696 se
465 2631 537 2715 ipsa
560 2631 700 2717 perficit,
728 2630 790 2695 nisi
815 2630 843 2695 si
866 2652 940 2695 cum
963 2629 1080 2696 ethicis
1105 2635 1137 2696 et

116 2736 261 2822 physicis
290 2736 535 2822 quaestionibus
563 2737 733 2802 coniuncta
762 2727 968 2821 exhibeatur,
996 2736 1043 2800 ita
1067 2738 1137 2802 rhe-

116 2844 218 2908 torica
241 2843 297 2907 illa
321 2843 451 2928 quidem
474 2846 603 2929 cnseat,
627 2844 682 2908 sed
700 2843 763 2909 nisi
783 2865 856 2908 cum
875 2844 972 2907 rebus
992 2842 1138 2926 politicis

116 2972 238 3021 conexa
266 2972 402 3034 operum
430 2951 541 3034 opifex
569 2949 707 3015 existere
734 2972 799 3015 uon
827 2953 945 3033 potest.
991 2947 1138 3013 Plurima

117 3057 202 3122 enim
226 3061 416 3144 argumenta
440 3055 639 3121 extrinsecus
663 3055 767 3140 petita
791 3076 860 3120 esse
884 3058 1028 3139 apparet.

184 3162 266 3228 Sunt
290 3165 426 3229 fortasse
450 3162 513 3226 alia
537 3161 634 3227 etiam
657 3162 810 3228 vitiorum
834 3182 966 3248 genera,
990 3182 1074 3245 quae
1098 3161 1139 3225 ad

116 3269 190 3333 illos
221 3269 325 3335 libros
357 3269 554 3354 pertineant:
588 3292 647 3334 nec
679 3272 788 3334 tamen
816 3269 856 3332 ad
884 3288 1026 3352 unguem
1054 3288 1138 3332 rese·

179 3502 210 3569 1)
223 3518 254 3572 lt
272 3506 296 3574 8,
318 3504 354 3557 38
373 3497 470 3574 coion,
491 3503 517 3573 8,
537 3505 552 3557 3
570 3500 711 3572 punctum
726 3496 889 3569 potentum
905 3496 959 3549 est
