2362 3832
483 168 525 176 —
572 139 691 196 XXVIII
738 169 779 176 —

189 289 220 353 b.
321 298 360 376 τῇ
384 289 525 374 δυνάμει
548 287 694 377 θάτέρου
718 292 824 374 μόνον
847 299 905 375 τῆς
927 288 1049 378 τέχνης
1073 317 1146 379 μετ-

124 393 297 480 εσχηκέναι
319 392 452 481 μέρους,
475 393 621 482 θάτίρου
645 392 683 460 δὲ
700 393 928 484 ἠμοιρηκίναι,
951 399 1012 464 τὸν
1030 397 1147 484 μέντοι

122 500 250 569 τέλειον
273 501 293 586 ἣ
318 500 442 588 ῥήτορα
471 500 777 588 συγκεκροτημένον
805 502 838 581 ἐξ
863 500 989 589 ἀμφοῖν
1012 503 1147 588 ἀγαθὸν

124 610 231 694 ἀνδρα
253 603 310 672 καλ
332 609 472 692 πολίτην
495 602 581 673 εἶναι
604 608 660 673 ὃιά
683 610 806 685 παντός
827 606 895 694 XF,
920 609 993 676 105.
1039 610 1147 677 Loeus

123 715 343 780 subobscurus
367 717 424 779 est.

190 842 215 885 ο.
332 816 383 885 ἐπ’
416 818 523 885 ἐκεῖνο
556 823 749 904 μεταβῶμεν
781 831 848 885 τῶν
876 820 987 887 αὐτῶν
1015 824 1052 889 τὸ
1083 824 1144 908 τὴν

123 927 297 1011 πολιτικὴν
325 925 504 1013 ῥητορικὴν
532 923 652 1011 τέχνην
679 922 741 1010 μὲν
769 926 946 1012 ὑπάρχειν,
976 923 1079 1012 ἦττον
1107 927 1144 996 δὲ

123 1031 258 1120 ἑτέρων·
297 1036 516 1119 συνεφώνουν
552 1033 615 1118 γάρ
654 1032 788 1116 ὀλίγους
824 1031 843 1074 *
880 1032 1145 1120 ἐκπεπονηκότας

116 1135 211 1205 εἶναι
234 1140 400 1217 δυνατοὺς
426 1141 582 1226 ἀντικρνς
609 1138 736 1223 λέγειν,
763 1139 808 1216 ὡς
830 1141 1011 1224 μουσικούς
1033 1165 1145 1228 φαμεν

122 1250 200 1324 τοὺς
228 1253 286 1329 τῆς
316 1255 476 1332 μουσικῆς
505 1249 626 1329 λόγους
656 1246 874 1331 ἀνειληφότας
900 1245 958 1334 X2,
984 1249 1058 1314 146.
1097 1248 1144 1314 Of.

123 1351 191 1439 1X2,
213 1354 267 1418 44.

190 1460 217 1524 d.
251 1463 372 1547 ματαία
406 1455 444 1524 δὲ
474 1455 530 1523 καὶ
562 1457 583 1540 ἡ
614 1459 717 1544 ταύτη
751 1460 892 1544 συνεχὴς
923 1458 1094 1540 ἀπόδειξις
1122 1462 1144 1546 ἡ

123 1565 323 1645 καταξιοῠσα
355 1563 417 1652 μὲν
449 1565 493 1650 μη
526 1564 744 1650 μεταβάλλειν
775 1565 833 1641 τὰς
866 1563 1045 1651 ἐπιστήμας
1074 1580 1144 1646 τοῖς

121 1675 249 1756 τόποις,
275 1673 338 1755 την
366 1668 404 1737 δὲ
431 1672 610 1757 ῥητορικὴν
639 1670 778 1736 ἀλλοίαν
802 1669 1037 1756 ἀποφαίνουσα
1060 1675 1143 1739 κατὰ

123 1780 231 1864 χώρας
249 1779 304 1844 καλ
323 1779 403 1862 ἀστη
422 1775 475 1860 X2,
496 1778 568 1842 148.
605 1775 651 1841 Of.
669 1775 737 1861 xp,
759 1779 836 1842 104:
860 1777 1039 1864 ἀπόδειξις,
1062 1776 1139 1845 καθ’

124 1885 166 1967 ἣν
190 1884 298 1968 ἐκείνη
322 1884 520 1969 μεταβάλλει
541 1894 610 1961 τοῖς
627 1886 752 1968 τόποις,
775 1881 852 1949 ὥστ’
871 1886 984 1962 ἀλλοις
1003 1884 1143 1953 ἀλλοίαν

125 1990 355 2075 ἐφαρμόττεινε
388 1990 475 2074 quod
504 1989 680 2054 medicinae
709 1989 858 2074 exemplo
886 1989 954 2075 IX2,
980 1994 1143 2078 103,104

123 2098 291 2162 refutatur.

190 2227 214 2268 e.
239 2214 305 2269 τῶν
324 2198 363 2267 δὲ
381 2211 501 2269 τοῦτον
520 2204 579 2268 τὸν
598 2205 701 2286 λόγον
720 2204 992 2288 ὃιηκοιβῶκότοιν
1010 2209 1142 2293 προχεί-

122 2334 184 2396 ρου
207 2308 389 2395 γενομένης
410 2311 474 2394 ἤδη
498 2318 557 2394 τῆς
576 2309 704 2394 πλάνης
721 2319 790 2386 πῶς
810 2306 885 2395 οὐχὶ
903 2311 962 2375 τὸν
982 2308 1056 2395 ἑξῆς
1075 2312 1144 2379 ἐπι-

121 2419 342 2504 θαυμάσομεν
365 2427 519 2483 τοιοῦτον
542 2415 746 2501 ὑπάρχοντα·
777 2421 892 2501 „steten
916 2415 1089 2484 ἀπατῶσιν
1112 2420 1147 2485 οί

124 2524 275 2611 ῥήτορες,
300 2521 355 2588 καὶ
379 2520 483 2587 αὐτοὶ
497 2515 591 2609 ᾧτινι
615 2520 783 2587 ἀπατῶσιν
806 2522 1007 2608 ἀπατῶνται,
1031 2525 1144 2613 ὥσπερ

125 2624 198 2695 οὐδ’
229 2630 338 2706 ἀλλοις
368 2631 495 2710 γίνεται
525 2625 561 2692 ἐν
591 2627 706 2713 ὁράσει
733 2626 806 2693 οὐδ’
837 2628 986 2695 ἀκούσει·
1019 2633 1052 2695 εί
1079 2634 1144 2720 γὰρ

99 2725 211 2825 ’ἀλλφ
241 2732 450 2820 συμβέβηκεν
477 2732 498 2815 ἡ
526 2732 650 2819 ἀπάτη,
681 2733 737 2799 καλ
766 2735 865 2813 αὐτὸς
893 2735 1068 2803 ἀπατάται·
1104 2739 1147 2805 οὐ

122 2846 249 2926 μᾶλλον
277 2843 394 2906 τοίνυν
421 2838 591 2905 ἀπατῶσιν
618 2839 639 2923 ἢ
668 2839 889 2907 ἀπατῶνταίί.
935 2841 1007 2930 IX2,
1030 2846 1076 2910 48
1102 2877 1146 2900 =

120 2946 189 3033 XF,
208 2950 260 3013 93.
296 2945 335 3011 In
359 2948 471 3012 eodem
494 2951 685 3033 argumente
704 2952 850 3012 versetur
867 2947 920 3033 XI,
940 2952 1002 3016 147
1024 2956 1057 3016 et
1076 2951 1148 3038 111²,

121 3056 264 3138 zen-47,
283 3075 347 3137 quo
367 3053 497 3137 quidem
515 3053 587 3118 leco
607 3076 646 3117 ex
666 3054 894 3140 grammaticae
914 3060 947 3120 et
965 3058 1145 3124 medicinae

5 3210 7 3217 .
121 3160 332 3227 similitudine
369 3160 522 3226 refutatio
560 3160 692 3244 petitur.
749 3160 903 3227 Conferes
940 3164 1039 3229 etiam
1075 3165 1147 3251 IX2,

119 3271 189 3333 49s
237 3319 243 3331 .

188 3291 335 3439 iiqueitw
359 3383 532 3457 σκοπῶμεν
553 3375 612 3440 τὸν
631 3372 759 3459 ἐφεξῆς,
782 3370 860 3440 καθ’
884 3375 924 3441 ὃν
941 3376 1063 3461 ἠξίωσε
1081 3390 1144 3445 πά-

121 3497 184 3546 σαν
212 3479 395 3564 ἐπιστήμην
423 3480 510 3565 ἔχειν
539 3483 628 3546 ίιλίαν
656 3481 759 3566 ὕλην,
786 3479 862 3567 περὶ
884 3481 928 3565 ἣν
952 3480 1147 3571 στρέφεται·
