2362 3832
421 143 462 154 -
509 115 629 171 XXXIII
675 145 717 153 -

52 267 186 334 toribus
210 265 487 331 demonstravisse.
527 264 577 331 Ae
600 265 743 331 sentiens
765 266 976 334 Philodemus
999 267 1080 334 Her·

53 373 182 441 marchi
209 372 396 439 testimonio
423 372 507 437 nihil
534 374 602 438 fere
625 373 710 454 effici
734 373 836 440 addit:
863 375 1080 461 παρεθέμεθα

55 477 97 548 dd
119 479 175 547 ναὶ
197 481 255 558 τὰς
277 478 331 546 ἐπὶ
352 488 433 545 πᾶσι
457 477 570 565 λέξεις,
594 486 628 546 εἴ
644 504 690 570 cqc
711 482 885 565 γενήσεται
903 484 1005 567 φίλον
1023 481 1078 548 καὶ

56 589 179 665 τούτοις
206 589 309 673 ἔχειν,
341 586 403 652 οὐν
430 585 646 672 ἀγνοοῦντες,
677 585 727 652 ὅτι
754 590 834 674 περί
857 611 948 666 τινος
974 590 1079 655 ἄλλον

56 693 196 774 δόξουσι
214 692 270 760 καὶ
289 691 364 779 οὐχὶ
382 691 459 780 περὶ
476 701 537 759 τοῦ
555 692 776 780 προκειμένου
794 695 1079 783 καταγεγράφθαιῐ

57 801 111 887 85,
132 801 272 867 19-27.
309 799 438 864 Tertius
462 799 584 865 accedit
601 799 815 885 Metrodorus,
839 800 894 885 qui
913 801 1020 886 primo
1041 803 1079 867 de

56 906 219 993 poematis
245 905 332 971 libro
361 906 573 990 sophisticam
600 910 703 971 artem
732 928 801 972 esse
825 907 984 974 disseruit.
1032 910 1079 976 Cf.

57 1017 112 1100 86,
130 1014 251 1097 4-89,
272 1014 324 1098 29,
349 1035 445 1097 quem
467 1012 575 1078 locum
599 1013 691 1078 doleo
716 1014 803 1098 quod
824 1036 891 1080 non
914 1015 1079 1103 integrum

60 1122 138 1186 dare
162 1118 264 1204 potui.

125 1225 256 1291 Auditis
278 1224 443 1312 magistris
466 1225 616 1309 aequales
640 1225 813 1292 adversarii
832 1226 1079 1312 perlustrantur,

56 1332 271 1416 audimusque
293 1331 414 1417 Rhodi,
443 1332 579 1417 Romae,
608 1330 679 1417 Coi,
701 1331 841 1405 Athenis
865 1333 1079 1418 disputantes,

57 1444 230 1523 certantes,
254 1443 453 1525 quaerentes,
477 1439 555 1523 quid
572 1438 735 1523 Epicurus
755 1439 793 1503 de
812 1440 990 1523 sophistica
1009 1442 1079 1506 rhe-

57 1545 164 1612 torica
194 1546 357 1629 statuerit,
390 1545 449 1610 ubi
481 1545 645 1631 statuerit,
679 1545 948 1629 quemadmodum
980 1549 1079 1613 verba

58 1653 130 1718 eius
161 1651 404 1737 interpretanda
437 1651 511 1717 sint.
562 1651 722 1736 Tempora
754 1657 922 1717 mutantur
952 1658 984 1719 et
1013 1677 1080 1720 non

58 1762 235 1824 mutantur.
280 1758 349 1825 Nee
378 1759 464 1824 enim
492 1757 612 1824 maiore
638 1758 798 1825 industria
820 1759 872 1825 vel
895 1761 1079 1826 subtilitate

56 1865 163 1932 nostri
191 1865 385 1950 interpretes
413 1870 563 1931 utuntur:
596 1887 792 1951 quamquam
819 1867 1019 1933 conviciandi
1042 1869 1079 1932 li—

58 1975 187 2038 bertate
210 1993 270 2037 nos
293 1972 334 2036 ab
358 1971 425 2037 illis
449 1972 594 2056 superari
618 1973 711 2038 facile
735 1972 906 2056 patiemur.

126 2078 274 2144 Primum
305 2082 414 2144 autem
445 2079 483 2143 de
517 2079 678 2145 rhetorica
710 2084 869 2144 certantes
897 2080 1016 2146 Rhodii
1046 2087 1078 2146 et

58 2185 198 2251 Romani
216 2184 413 2250 inducuntur
431 2183 499 2272 (89,
516 2188 555 2251 11
568 2181 662 2271 sqq),
686 2207 822 2270 quorum
841 2186 899 2270 illi,
921 2187 956 2251 ni
975 2188 1079 2272 fallor,

58 2298 163 2359 artem
196 2291 320 2376 dicunt,
351 2291 386 2356 hi
419 2295 548 2377 negant.
605 2290 650 2356 Of.
684 2291 937 2376 disputationem
971 2293 1077 2359 Rhodi

57 2399 208 2464 habitam
235 2400 411 2484 90,1—6.
457 2397 582 2463 Deinde
613 2396 747 2481 ironice,
780 2397 909 2483 opinor,
942 2399 1079 2465 duorum

59 2506 200 2572 Ooorum
222 2505 344 2571 mentio
367 2505 414 2591 fit,
438 2525 576 2589 quorum
594 2504 676 2569 alter
694 2504 732 2568 de
751 2508 863 2570 nostra
882 2506 1078 2591 quaestione,

57 2614 145 2680 sitne
178 2636 230 2678 ars
262 2611 440 2696 sophistica
472 2611 646 2695 rhetorica,
678 2612 713 2676 in
741 2611 895 2678 Convivio
924 2617 957 2678 et
983 2613 1078 2679 libris

57 2717 135 2806 περὶ
151 2722 237 2804 βίον
255 2718 390 2803 Epicuri
398 2717 422 2806 1)
443 2719 560 2785 stolide
579 2741 615 2784 ac
634 2720 755 2784 frustra
774 2719 978 2804 quaesiverit,
996 2721 1079 2785 alter

58 2828 131 2911 ipse
156 2826 285 2911 quidem
303 2825 436 2911 nesciat,
459 2825 517 2891 ubi
535 2826 598 2891 hoe
617 2825 817 2912 diiudicetur,
840 2826 978 2892 scientes
997 2826 1078 2892 sciat

56 2933 199 2999 Athenis
226 2932 341 2997 vivere.
389 2931 518 2997 Tertius
546 2932 676 3017 quidam
703 2931 842 2997 Athenis
869 2937 1017 2997 mortuus
1045 2938 1079 2998 et

57 3040 194 3106 eandem
222 3039 288 3104 fere
314 3060 411 3123 quam
433 3038 642 3104 Philodemus
666 3038 860 3104 sententiam
883 3042 1012 3103 secutus
1036 3040 1076 3102 ab

56 3146 123 3211 alio
143 3146 364 3234 impugnatur,
387 3146 443 3230 qui
461 3146 584 3211 nullam
603 3145 733 3210 omnino
752 3143 931 3210 rhetoricae
950 3148 1077 3228 partem

56 3254 163 3319 artem
187 3275 256 3319 esse
278 3256 381 3337 putat.
419 3252 558 3330 Quartus
577 3275 608 3336 p.
624 3253 676 3335 92,
690 3252 832 3335 33-95,
849 3253 887 3316 17
909 3250 1077 3332 refutatur,

56 3390 275 3400 ..--—-—--—

133 3485 160 3552 1)
179 3481 241 3536 Hoc
259 3479 380 3535 fortasse
398 3486 441 3551 90,
460 3485 565 3536 27-29
586 3479 667 3534 latet.

113 3583 286 3633 Pmonaxus,
300 3580 335 3621 ed
350 3579 462 3622 Sudhaus.
850 3581 867 3619 ο
