2362 3832
497 143 689 198 -XXXII
738 172 775 180 —

124 299 228 360 artem
247 315 315 359 esse
333 294 502 378 probatur,
519 292 641 380 legitur
660 295 712 379 31,
729 295 831 379 3-73
854 292 956 358 altera
976 294 1032 381 35,
1050 297 1145 379 1-53

125 401 222 466 tertia
236 403 289 485 36,
303 401 449 486 24-283
473 405 588 486 quarta
601 401 654 483 40,
670 402 814 485 18-243
839 399 953 485 quinta
967 403 1023 486 42,
1039 403 1145 469 5—10

127 512 159 572 et
185 509 328 592 12-163
352 512 444 573 sexta
466 507 680 590 44,16-21.
707 544 745 555 -

193 614 281 692 Quae
300 615 448 698 proxima
467 618 560 698 parte
578 615 632 699 47,
649 615 688 678 17
694 614 789 698 -68,
805 615 822 678 1
839 617 952 678 contra
966 614 1143 699 Epicureos

128 720 343 807 disputantur,
367 721 402 785 in
425 743 463 786 eo
487 719 631 787 maxime.
650 723 828 806 versantur,
852 720 939 805 quod
957 721 1144 804 rhetoricae,

127 825 333 911 sophisticae,
356 827 508 911 politicae
532 827 681 892 notiones
704 848 770 891 non
793 826 873 892 satis
896 826 1143 915 distinguantur.

128 931 268 998 Interest
304 938 413 998 autem
449 934 535 999 inter
568 937 692 999 ceteros
725 937 758 998 et
789 933 971 1018 Bromium,
1010 935 1144 1001 amiam

127 1037 323 1124 Philodemi,
356 1061 494 1124 quorum
521 1039 569 1104 illi
597 1061 663 1106 non
691 1039 738 1105 111
765 1039 903 1105 multum
932 1041 974 1105 ab
1004 1041 1143 1126 Epicuro

129 1145 298 1211 dissentire
322 1146 481 1231 videntur,
503 1146 556 1211 hic
579 1148 646 1211 fere
671 1146 822 1212 omnibus
846 1146 1018 1231 discrepat.

194 1249 263 1316 Iam
283 1252 384 1318 altera
403 1252 499 1318 huius
518 1253 596 1318 libri
615 1258 708 1337 parte
728 1253 868 1337 scriptor
882 1275 957 1319 suas
971 1253 1144 1320 sententias

130 1359 263 1443 profert.
313 1358 352 1424 ln
384 1381 448 1443 quo
477 1381 550 1425 cum
578 1363 764 1444 quaeratur,
797 1359 880 1424 sitne
908 1360 1074 1428 rhetorica
1101 1383 1144 1426 ars

128 1487 238 1549 necne,
261 1465 339 1550 quid
358 1466 401 1532 sit
419 1488 480 1551 ars,
504 1467 671 1551 aptissime
691 1466 850 1531 definitur.
883 1464 1024 1532 Abiecta
1043 1472 1146 1534 autem

129 1572 186 1635 illa
212 1571 337 1658 volgari
365 1595 440 1638 vera
468 1595 519 1638 ars
546 1574 607 1638 hac
635 1572 822 1637 definitione
846 1571 1075 1658 distinguitur:
1104 1577 1145 1640 111

130 1677 215 1742 enim
238 1677 303 1756 ἕξις
326 1679 347 1763 ll
372 1681 524 1757 διάθεσις
544 1678 608 1746 ἀπὸ
627 1683 882 1766 παρατηρήσεως
900 1690 1004 1745 τινῶν
1022 1691 1142 1747 κοινῶν

130 1783 184 1851 καὶ
222 1787 459 1870 στοιχειωδῶν,
497 1786 518 1851 dl
556 1787 611 1852 dcet
648 1789 814 1852 πλειόνων
851 1787 957 1870 διήκει
992 1797 1062 1853 τῶν
1097 1783 1144 1853 ἐπὶ

131 1890 253 1977 μέρους
279 1892 577 1978 ααταλαμβάνουσά
605 1917 639 1958 τε
668 1891 723 1958 καὶ
752 1899 957 1959 coarctatos
979 1904 1143 1976 τοιοῦτον,

131 1989 205 2063 οἷον
242 1999 364 2083 ὁμοίως
399 2010 467 2065 τῶν
502 2001 547 2085 μὴ
580 2003 759 2085 μαθόντων
791 1999 926 2084 οὐθείς,
963 1997 1144 2086 ἑστηκότας

132 2102 187 2169 καὶ
216 2108 358 2189 βεβαίως
390 2103 469 2172 οὐδὲ
502 2118 721 2192 στοχαστικῶς
753 2108 809 2192 69,
832 2107 964 2192 5—70,
990 2108 1042 2174 15.
1096 2105 1148 2173 Oui

132 2211 262 2295 quidem
290 2212 471 2278 definitioni
499 2213 677 2297 sophistica
703 2213 876 2298 satisfacit,
903 2234 969 2278 non
992 2213 1149 2280 satisfacit

131 2319 274 2401 politica.
321 2318 366 2385 Of.
392 2321 583 2406 76,11sqq.

199 2425 356 2503 Quoniam
385 2431 494 2492 autem
516 2426 678 2510 Epicureo
706 2448 817 2491 verum
841 2427 1062 2493 demonstrare
1087 2430 1150 2493 fere

133 2529 218 2595 idem
245 2535 294 2596 est
317 2537 414 2616 atque
438 2531 618 2616 Epicurum
641 2532 732 2617 sequi
756 2537 789 2609 et
812 2533 1013 2617 coryphaeos
1038 2539 1151 2616 sectae,

134 2637 181 2700 nil
205 2637 370 2722 antiquius
393 2639 502 2725 habet,
527 2660 624 2723 quam
647 2644 684 2704 ut
708 2638 857 2724 explicet,
881 2639 1002 2723 quibus
1020 2639 1104 2706 locis
1123 2644 1152 2706 et

134 2745 333 2830 argumentis
356 2746 419 2810 hoc
441 2745 490 2810 illi
509 2745 631 2811 Zenoni
654 2746 811 2833 magistro
833 2747 978 2830 proferre
996 2745 1060 2812 1111
1080 2747 1151 2812 sint.

133 2848 242 2934 Atque
269 2851 431 2936 Epicurus
464 2851 515 2916 111
546 2852 641 2937 ipsis,
674 2852 793 2937 quibus
825 2852 979 2918 utebatur
1008 2853 1153 2935 vocibus

135 2957 213 3040 quid
240 2959 390 3045 senserit,
417 2958 593 3046 signifieat,
624 2960 680 3044 78,
703 2960 822 3024 2-19.
871 2959 1093 3025 Hermarchus
1120 2960 1153 3024 iu

133 3063 252 3130 litteris
275 3066 315 3130 ad
334 3065 558 3150 Theophidam
581 3064 665 3131 datis
689 3087 780 3130 suam
798 3065 837 3129 de
856 3064 1036 3130 rhetoricae
1055 3065 1154 3150 parti·

134 3171 196 3235 bus
230 3173 423 3238 sententiam
456 3172 622 3257 exposuit,
656 3174 711 3256 78,
741 3171 893 3255 19-85,
924 3173 964 3237 13
996 3170 1153 3259 (11119).

134 3276 335 3363 Quamquam
362 3283 470 3344 autem
497 3301 564 3344 non
592 3278 699 3345 omnia
726 3277 855 3343 restitui
879 3282 1046 3362 poterant,
1075 3277 1154 3344 illud

135 3388 244 3449 tamen
267 3392 404 3470 apparet
423 3385 659 3451 Hermarchum
680 3407 747 3450 non
764 3388 833 3449 tam
852 3384 1067 3468 sophisticam
1087 3407 1154 3452 esse

136 3495 237 3555 artem
261 3514 358 3577 quam
379 3492 463 3557 nihil
486 3515 556 3559 esse
580 3491 658 3557 artis
681 3491 716 3555 in
740 3491 908 3557 causidicis
932 3496 965 3556 et
988 3493 1156 3560 contiona-
