2362 3832
436 139 628 194 *XLVII
676 165 717 176 --

60 288 75 378 (
127 286 253 376 -XH).
261 285 287 375 ¹)
333 287 485 354 Sentiunt
508 289 607 354 etiam
629 291 714 354 mala
738 290 871 355 consilia
895 291 988 377 cives,
1012 293 1083 358 ode-

61 395 255 484 runtmale
284 394 487 460 consulentes
515 400 548 460 et
574 397 745 462 infortunii
773 401 933 483 auctores,
965 399 1084 464 iterum

62 501 197 567 consilia
225 501 378 566 dantibus
407 501 571 587 diffidunt,
602 503 722 568 nedum
749 504 920 591 magnifica
948 506 989 570 ab
1018 505 1084 570 illis

63 612 266 694 exspectent,
297 612 334 672 ut
361 608 422 674 hos
451 609 549 673 etiarn
576 630 701 675 summa
729 611 792 675 fide
820 615 1084 697 argumentantes

61 738 159 802 aegre
181 716 288 781 ferant
311 713 532 803 (XIII-XV).

130 821 194 888 Our
212 826 320 888 autem
340 822 495 907 physicus
514 822 721 906 potissimum
738 829 888 889 naturam
906 825 1082 890 humanam

59 928 176 994 novit?
220 928 274 994 An
296 952 372 994 vero
397 930 643 1017 elementorum,
667 931 786 1015 quibus
811 935 1003 1016 constamus
1025 954 1082 995 no·

58 1035 136 1100 titia
160 1035 295 1101 enixus?
332 1034 395 1100 Sed
417 1036 480 1102 hoc
502 1036 674 1102 ridiculum
697 1041 746 1102 est
770 1037 847 1124 (XV
860 1035 938 1124 fin).
969 1037 1082 1122 Physi-

61 1164 118 1208 cos
144 1142 192 1207 ita
220 1142 443 1228 eligendorum
466 1147 499 1208 et
521 1143 750 1230 fugiendorum
772 1143 932 1209 rationem
954 1143 1098 1209 novisse

57 1249 109 1314 illi
134 1252 262 1335 putant,
285 1254 321 1314 ut
345 1272 426 1335 quae
450 1249 545 1334 plebs
569 1250 679 1334 cupiat
697 1254 754 1314 aut
772 1250 959 1315 reformidet
978 1250 1083 1314 sciant

59 1359 93 1420 et
122 1356 163 1420 ad
186 1377 257 1421 eam
278 1379 425 1422 normam
448 1358 671 1441 persuadeant.
717 1356 780 1422 Sed
802 1379 842 1421 ne
865 1356 927 1421 hoc
951 1356 1081 1440 quidem

59 1466 149 1528 certa
176 1462 422 1529 ratiocinatione
451 1464 554 1529 evinci
582 1467 704 1549 potest,
733 1463 811 1547 quid
834 1463 970 1548 quisque
993 1462 1081 1547 velit,

57 1568 213 1655 volgique
246 1569 357 1653 opinio
391 1574 424 1634 et
451 1569 601 1635 voluntas
628 1569 839 1636 multifariam
867 1568 1081 1634 immutantur

57 1673 333 1764 (XVI-XVHI),
361 1680 398 1740 ut
422 1677 449 1742 si
473 1676 536 1741 sibi
559 1676 626 1740 vim
649 1680 681 1740 et
705 1680 809 1741 artem
832 1679 974 1761 sumant,
999 1698 1080 1761 quae

58 1781 174 1866 utique
203 1782 407 1869 persuadeat,
440 1783 469 1848 ei
497 1783 585 1868 apud
612 1784 772 1868 populum
799 1784 889 1848 locus
918 1805 987 1847 esse
1014 1805 1080 1847 non

56 1889 179 1974 possit3
202 1888 229 1954 si
253 1911 326 1954 oum
349 1890 448 1955 dubio
473 1895 589 1955 eventu
613 1895 725 1975 artem,
748 1891 813 1974 ipsi
835 1889 941 1955 nolint
964 1886 1078 1977 (XIX).

58 2046 111 2061 ...
136 1995 222 2061 Eum
245 1996 399 2061 subtilem
423 2002 455 2062 et
479 1997 566 2062 omni
587 1997 681 2062 laude
700 1997 900 2062 cumulatum
919 2000 1079 2061 oratorem

57 2124 129 2168 esse
148 2101 300 2188 iudicant,
323 2103 375 2168 cui
394 2103 489 2186 plebs
508 2105 721 2188 obtemperet.
741 2155 747 2168 .
764 2155 792 2168 ..
816 2102 952 2187 Sapiens
970 2107 1079 2167 autem

54 2231 117 2274 neo
141 2208 300 2274 rhetorice
324 2211 532 2294 persuadebit
555 2233 614 2275 nec
634 2210 674 2274 ad
691 2210 893 2275 voluntatem
911 2209 1080 2274 hominum

54 2316 219 2400 loquetur.
265 2316 378 2400 Itaque
405 2339 445 2381 ne
469 2321 541 2381 tum
565 2315 694 2399 quidem
717 2315 810 2380 illum
833 2315 977 2399 audient,
1006 2336 1079 2379 cum

53 2423 144 2488 forte
165 2421 206 2486 ad
224 2423 425 2488 voluntatem
443 2423 603 2509 loquetur,
626 2422 745 2487 nedum
763 2421 813 2506 iis,
836 2443 918 2506 quae
937 2422 1079 2506 suadeat,

53 2529 295 2613 obtemperent.
341 2530 444 2596 Immo
472 2531 548 2616 quia
576 2530 645 2595 eius
673 2528 808 2596 consilio
831 2529 990 2595 molestiis
1013 2530 1078 2594 iam

52 2635 209 2703 incidisse
227 2636 433 2722 videbuntur,
452 2659 525 2702 eum
544 2637 643 2702 etiam
657 2637 784 2702 oderint
799 2633 1019 2723 (XX-XXI).
1037 2673 1074 2682 -

50 2743 186 2828 Itaque,
218 2742 325 2828 inquit
352 2743 422 2827 ille,
452 2744 497 2809 sic
525 2744 747 2829 persuadebit,
775 2747 812 2808 ut
838 2743 972 2829 volgum
999 2764 1078 2806 nun-

51 2872 157 2938 quam
177 2849 247 2914 eius
265 2849 439 2936 paeniteat,
463 2852 549 2935 quod
568 2851 713 2917 suaserit.
746 2849 817 2914 Hoc
835 2872 910 2914 vere
930 2852 979 2914 est
997 2848 1078 2912 illud

50 2959 113 3026 διὰ
141 2967 211 3022 τῶν
239 2961 480 3043 συμφερόντων
508 2960 806 3044 συμβουλεύεσθαι.
854 2954 917 3022 Sed
947 2954 1077 3019 difficile

48 3070 104 3134 est
128 3064 177 3129 ita
200 3064 374 3130 consulere.
411 3064 497 3130 Nam
520 3068 553 3130 et
575 3064 640 3148 ipsi
665 3085 807 3129 erramus
831 3066 864 3126 et
886 3084 937 3126 res
958 3083 1077 3125 rerum-

47 3192 117 3259 que
142 3174 278 3236 eventus
302 3175 389 3236 certa
413 3170 654 3256 computatione
674 3167 902 3254 comprehendi
921 3189 987 3232 non
1005 3190 1077 3250 pos-

24 3283 140 3347 .sunt.
241 3277 310 3343 Neo
333 3278 519 3362 prospicere
543 3277 660 3362 omnia,
684 3299 765 3361 quae
789 3276 883 3360 plebs
906 3273 994 3358 velit,
1017 3295 1077 3338 nec

10 3590 14 3595 Ι
124 3511 154 3580 1)
174 3506 247 3562 talia
265 3506 323 3561 fere
342 3507 432 3562 latere
452 3505 568 3563 credidi.
