2362 3832
450 166 488 174 —
536 138 690 192 XXI-

59 294 92 354 ct
121 286 240 376 genere
268 289 450 372 praefatum
478 309 555 352 esse.
600 285 699 353 Artes
726 290 834 352 autem
858 286 943 352 inter
966 309 999 353 se
1023 288 1081 352 dif-

56 397 143 461 ferre
176 394 354 478 contendit,
387 393 466 458 31133
499 415 558 477 per
587 414 621 458 se
648 393 737 478 ipsas
766 398 864 477 stare,
894 415 954 458 neo
982 392 1081 459 ullius

59 501 192 567 omnino
221 500 462 567 exercitationis
484 499 643 587 indigere,
670 500 750 566 alias
773 522 833 567 usu
857 505 890 566 et
913 505 1081 565 consuetu-

60 608 134 673 dine
154 607 322 693 contineri,
340 607 420 672 alias
439 606 562 694 ingenii
582 607 719 692 quadam
737 607 893 673 felicitate
911 604 983 690 niti,
1002 604 1081 669 alias

60 713 200 798 denique
223 713 318 779 311131
340 714 477 800 misceri,
499 714 615 779 harum
639 735 738 798 opere
760 714 801 778 ad
824 713 964 779 artifices
983 712 1081 797 perti·

58 842 135 886 nere
164 819 265 905 solos,
292 821 420 885 illarum
449 818 547 885 etiam
576 821 617 885 ab
647 819 687 886 iis
715 819 841 906 perfici,
869 819 925 905 qui
949 818 1081 883 artificis

60 925 193 991 nomine
216 929 346 991 careant
369 924 422 1013 (fr.
440 923 496 1009 IV,
514 923 569 1011 II).
614 925 871 991 Recensentibus
895 930 1012 1008 autem,
1035 926 1081 990 in-

59 1032 141 1117 quit,
165 1052 286 1116 eorum,
305 1030 360 1115 qui
380 1031 418 1095 de
437 1031 599 1097 rhetorice
617 1032 825 1118 scripserunt,
843 1031 973 1098 libellos
992 1033 1080 1097 varia

59 1138 216 1204 vitiorum
239 1158 358 1224 genera
381 1142 560 1203 occurrunt.
597 1136 698 1202 Velut
722 1141 838 1222 errant,
862 1138 918 1223 qui
942 1161 982 1203 cx
1006 1138 1081 1204 arti·

59 1246 123 1310 bus
151 1265 314 1309 removere
342 1244 491 1329 cupiunt,
519 1243 547 1309 si
575 1265 639 1329 qua
666 1245 791 1330 proprii
818 1244 941 1330 aliquid
969 1246 1082 1311 afferat

59 1356 94 1416 et
121 1351 184 1416 hoc
211 1351 252 1415 ad
275 1350 380 1435 ipsam
403 1354 522 1435 putant
545 1350 708 1435 pertinere
731 1351 932 1416 rhetoricam.
957 1350 1081 1440 Ι(11.1).

58 1494 105 1506 -
124 1457 186 1534 Qui
209 1456 403 1522 rhetoricam
426 1458 467 1521 ab
492 1456 564 1522 aliis
588 1456 742 1523 doctrinis
764 1457 816 1521 vel
839 1456 965 1522 artibus
973 1455 999 1544 ¹)
1024 1457 1081 1522 dif-

59 1567 146 1630 ferre
173 1562 299 1649 volunt,
330 1586 397 1629 non
424 1561 515 1628 illam
543 1567 645 1629 artem
674 1586 742 1629 3333
768 1568 904 1650 negant,
932 1563 1082 1629 sednon

60 1671 164 1737 solam
197 1670 308 1755 utique
341 1671 381 1735 ad
408 1671 507 1735 finem
534 1691 629 1735 suum
656 1669 838 1756 pervenire,
870 1671 969 1735 immo
997 1671 1080 1736 alius

60 1798 190 1863 quoque
209 1777 288 1842 artis
306 1776 428 1842 auxilio
447 1776 509 1841 niti
524 1799 620 1861 posse
635 1777 834 1843 contendunt
853 1775 934 1865 (pl,
943 1774 1080 1863 llinis).

60 1883 98 1948 Id
122 1905 197 1948 1313
224 1883 259 1947 in
267 1883 374 2053 ‘libris
397 1883 652 1949 adversariorum
674 1883 891 1949 miserrimum
913 1904 1083 2055 genusti
1035 1905 1082 1947 ar-

62 1992 221 2178 3111311111,
244 2115 322 2160 usus
344 2095 396 2160 131
420 2099 495 2160 cont
496 2095 616 2160 rarium
638 2095 744 2179 possit
763 2097 915 2181 probarc3
938 2096 1082 2161 minime-

61 2224 126 2288 que
145 2203 185 2267 ab
205 2201 271 2267 11113
283 2224 401 2305 eorum
421 2202 531 2287 opinio
551 2202 764 2321 redarguitur,
783 2203 837 2287 qui
857 2207 984 2287 partem
1003 2202 1082 2267 artis

61 2310 105 2374 ab
134 2276 475 2393 11333113313131111133
499 2308 599 2392 recipi
622 2330 717 2394 posse
741 2313 934 2392 proponant.
980 2308 1082 2373 Porro

60 2415 321 2500 vitiosissimum,
350 2416 377 2481 si
406 2415 461 2500 qui
489 2415 531 2479 ab
555 2415 620 2498 his,
648 2415 703 2499 qui
727 2420 855 2500 partem
878 2415 957 2480 artis
980 2414 1082 2500 possi-

61 2524 151 2607 dent,
174 2522 280 2589 exorsi
303 2527 390 2588 totas
414 2522 565 2588 scientias
588 2522 782 2607 vituperant.
819 2523 977 2608 Prompta
996 2522 1082 2588 enim

61 2629 207 2695 defensio
232 2633 289 2694 est.
325 2629 411 2697 Nam
434 2628 675 2713 persuadebunt
693 2631 840 2715 fortasse,
864 2631 919 2715 qui
938 2634 1082 2695 oratores

63 2757 132 2800 non
156 2739 240 2820 sunt,
264 2723 298 2800 111
320 2735 393 2820 ipsa
416 2736 561 2800 oratione
584 2735 841 2819 persuadendum
865 2740 926 2801 cst:
949 2736 977 2800 is
996 2736 1082 2800 enim

61 2840 138 2906 finis
175 2844 225 2906 est
255 2840 442 2908 rhetoricae.
492 2841 531 2906 In
558 2863 621 2926 quo
650 2841 843 2926 perridicule
870 2842 1082 2926 formositate,

61 2969 143 3012 auro
167 2951 225 3012 etc.
250 2947 385 3013 cuilibet
407 2949 592 3034 persuaderi
612 2971 708 3033 posse
726 2950 891 3033 profertur
909 2956 998 3036 (pag.
1011 2946 1082 3034 III).

63 3053 210 3139 Cumque
237 3055 401 3139 privatum
429 3056 574 3122 oratione
601 3055 764 3120 interdum
791 3056 982 3138 persuadere
1010 3075 1083 3119 con·

137 3408 165 3477 1)
189 3407 273 3476 Apud
292 3406 401 3464 Philod.
421 3408 567 3464 doctrinae
589 3411 618 3465 31
636 3405 705 3462 31113
723 3404 869 3461 notionem
887 3421 944 3460 non
962 3403 1083 3458 multum

63 3493 190 3565 differre,
209 3494 370 3552 illustratur
387 3515 414 3567 p.
431 3503 477 3568 ⁷5,
498 3504 531 3553 13
540 3515 600 3567 sqq.
