2362 3832
507 167 552 178 -
596 141 686 195 XLVI
732 169 773 177 -

132 290 223 355 vanis
247 290 497 376 enthymematis
519 290 685 355 hominem
707 290 909 375 veriloquum
932 293 1075 378 fingunt,
1101 296 1154 380 qui

131 419 181 461 res
209 397 297 482 ipsas
320 397 496 482 respiciens
520 397 561 462 ad
583 398 762 481 perfectam
785 397 980 462 rhetoricam
1003 401 1157 483 proxime

129 504 267 568 accedat.
318 502 410 581 Quod
439 503 647 590 physiologia
677 504 746 568 fieri
777 504 976 570 contendunt
1094 507 1156 574 Sed

128 609 343 696 physiologus
366 610 401 674 in
423 610 473 696 iis,
498 632 579 695 quae
602 610 793 675 felicitatem
811 611 963 696 efficiant,
986 635 1064 677 vera
1084 637 1153 698 per·

130 716 254 800 spicere
277 739 343 781 non
366 721 486 802 potest,
510 716 633 801 quippe
657 717 714 802 qui
733 718 820 803 boni,
843 718 920 804 veri,
943 719 1025 784 iusti
1045 722 1153 808 cogni-

129 823 218 887 tione
239 824 373 888 orbatus
392 823 443 888 sit.
475 823 545 890 Nec
564 828 709 909 apparet,
730 846 793 908 quo
812 829 909 908 pacto
928 847 968 889 ex
983 825 1153 892 universae

129 930 277 995 veritatis
300 929 434 996 scientia
457 929 493 994 in
515 930 653 1016 singulis
676 953 789 995 verum
812 930 960 1017 indagari
983 932 1094 1015 possit
1107 931 1152 1020 (l)

129 1034 351 1124 (VH-VIII).

196 1141 288 1218 Quod
318 1142 456 1227 denique
484 1143 526 1207 ab
556 1142 698 1207 universi
726 1142 953 1208 observatione
982 1146 1149 1227 profectus

127 1249 288 1313 forensem
314 1249 381 1313 vim
409 1253 442 1313 et
466 1247 655 1314 facultatem
679 1249 908 1314 diiudicatione
932 1251 1076 1334 quadam
1099 1252 1147 1318 eli·

127 1356 306 1440 gendorum
333 1355 599 1442 fugiendorumve
628 1356 713 1420 effici
739 1355 823 1441 vult,
850 1357 912 1421 hoc
941 1358 1080 1442 exsequi
1103 1359 1148 1424 de

127 1462 236 1527 behet.
282 1463 342 1527 Est
371 1462 458 1526 enim
485 1461 564 1526 satis
592 1461 781 1527 inauditum.
890 1460 954 1527 sed
976 1485 1019 1531 ne
1044 1465 1146 1531 sciunt

127 1568 256 1652 quidem
278 1568 465 1655 physiologi
488 1568 523 1633 in
547 1568 769 1654 eligendorum
788 1573 821 1633 et
839 1568 1073 1655 fugiendorum
1092 1572 1145 1640 dis·

127 1674 270 1760 crimine,
293 1696 375 1758 quae
394 1675 435 1739 ad
452 1697 562 1739 veram
580 1675 770 1740 felicitatem
789 1675 917 1758 ducant,
941 1698 1094 1762 quaeque
1110 1677 1145 1743 ad

126 1803 242 1846 vanam
270 1803 363 1865 spem
392 1784 425 1845 et
448 1781 602 1865 speeiem,
630 1782 708 1865 quid
731 1782 769 1846 de
794 1781 916 1846 divitiis
938 1781 1144 1850 indicandum

126 1887 169 1952 sit
198 1891 257 1952 etc.
294 1886 385 1974 (nam
410 1886 489 1951 haec
513 1891 588 1952 sunt
611 1886 823 1976 philosophi).
870 1886 1033 1964 Quoniam
1062 1890 1141 1956 enim

126 1994 287 2059 communi
307 1993 452 2058 omnium
470 1994 623 2079 opinione
637 1995 845 2081 physiologia
859 2016 1003 2061 ararum
1017 1996 1142 2062 utilium

125 2105 158 2165 et
188 2101 228 2165 ad
258 2101 358 2166 vitam
385 2101 638 2166 necessariarum
666 2101 800 2166 scientia
827 2101 1018 2188 longissime
1047 2105 1142 2188 abest,

124 2207 180 2272 illa
212 2207 284 2292 ipsa
314 2208 434 2292 exponi
467 2209 654 2294 oportebat,
687 2208 805 2293 quibus
838 2208 999 2293 expositis
1033 2210 1141 2278 eluxie

124 2319 173 2379 set
205 2315 399 2380 rhetoricam
432 2319 559 2399 partem
589 2314 813 2401 physiologiae
840 2336 1051 2399 nequaquam
1080 2336 1141 2384 essa

123 2420 282 2510 (IX-X).

192 2528 284 2605 Quod
306 2550 381 2593 vero
401 2532 504 2593 artem
523 2527 746 2612 persuadendi,
770 2549 899 2612 quoque
917 2527 999 2593 velit
1018 2529 1139 2596 audiea-

124 2634 208 2700 tium
235 2633 360 2699 animos
387 2634 582 2718 perducendi
610 2633 722 2699 statim
745 2636 778 2696 et
801 2637 969 2717 tamquam
994 2635 1084 2704 ultro
1106 2654 1138 2701 ex

124 2740 330 2828 physiologia
342 2741 431 2806 nasci
443 2742 625 2826 profitetur,
637 2740 671 2805 id
683 2762 742 2825 per
754 2761 787 2804 se
799 2739 908 2824 ipsum
918 2739 1139 2809 labefactatus

121 2847 207 2914 Nam
236 2848 292 2932 qui
319 2848 398 2913 talia
421 2848 559 2933 professi
583 2847 662 2912 artis
686 2846 946 2931 experimentum
969 2847 1007 2914 in
1030 2849 1137 2936 volgus
1179 2873 1181 2912 a

122 2954 255 3040 faciant,
283 2977 319 3019 ec
348 2955 420 3039 ipso
449 2959 627 3038 moment0,
655 2976 719 3038 quo
747 2953 886 3018 sentitur
909 2975 977 3039 ars,
1006 2956 1138 3022 artificas

122 3083 189 3126 esse
214 3061 415 3127 destiterunt.
455 3060 536 3126 (lum
559 3061 646 3125 enim
669 3060 800 3144 publice
823 3059 923 3123 verba
941 3059 994 3126 illi
1013 3062 1136 3145 faciunt,

122 3171 224 3232 artem
247 3168 460 3252 persuadendi
483 3169 688 3253 profitentur,
711 3190 777 3232 non
800 3170 909 3231 autem
928 3163 1135 3250 persuadent

121 3278 155 3337 et
177 3297 243 3339 non
265 3275 406 3340 fallendi.
444 3273 505 3351 Qui
528 3296 603 3339 vero
628 3297 661 3340 se
685 3273 754 3338 falli
778 3272 933 3359 sentiunt,
957 3281 1134 3342 caventa

120 3381 287 3466 vendoque
310 3386 414 3446 artem
437 3380 562 3446 irritam
585 3381 731 3445 reddunt.
767 3379 880 3463 Itaque
905 3379 1133 3464 quodammodo

119 3487 286 3553 audientes
318 3488 396 3574 ipsi,
429 3510 503 3552 cum
535 3492 637 3552 artem
666 3485 856 3573 dispiciunt,
889 3487 1036 3558 artifices
1063 3486 1132 3557 fimt
