2362 3832
449 178 490 184 -
537 149 626 204 XLIII
673 178 714 184 -

67 299 197 366 Eodem
219 299 375 384 pertinet,
402 298 488 382 quod
513 320 585 362 cum
608 298 781 364 inutilibus
804 321 993 364 aranearum
1015 300 1090 365 telis

53 405 272 498 *comparavit
305 405 360 469 ille
392 403 609 469 subtilitatem
641 405 912 490 philosophorum
944 406 1090 492 syllogis-

68 513 135 577 mis
159 512 273 597 utique
300 511 463 576 utentium
490 533 550 576 nec
577 512 822 595 probabilitatis
850 516 883 576 et
910 513 979 577 veri
1006 513 1091 577 simi·

66 619 219 683 litudinis
257 618 416 683 rationem
452 617 702 682 admittentium.
763 617 826 683 sed
862 618 948 703 quod
984 619 1090 683 rheto-

68 725 164 790 ribus
196 729 326 808 praesto
359 728 422 809 est,
454 723 488 787 id
520 724 619 788 etiam
651 723 847 809 philosopho
876 729 975 809 patet.
1020 724 1090 790 Nec

68 835 183 895 tamen
205 831 403 915 philosophi,
427 834 464 895 ut
482 829 540 915 illi,
564 834 685 895 temere
708 832 748 895 τὰ
771 833 881 896 εἰκότα
904 829 960 896 καὶ
978 833 1018 896 τὰ
1036 832 1090 896 εὕ-

66 945 154 1021 λογα
177 938 343 1022 adhibent,
366 937 422 1001 sed
444 937 544 1001 talem
567 938 882 1024 argumentationem
900 938 941 1002 iis
960 937 1090 1022 quidem

66 1043 180 1128 bonis,
208 1066 289 1129 quae
317 1043 484 1131 ἀδιάφορα
511 1049 680 1129 vocantur,
707 1046 859 1130 afferunt,
886 1045 954 1110 vim
981 1048 1090 1109 autem

64 1154 102 1215 et
130 1153 280 1215 naturam
308 1150 386 1215 iusti
414 1154 446 1214 et
474 1151 565 1215 utilis
592 1151 773 1238 syllogismi
800 1151 991 1216 necessitate
1019 1173 1090 1235 per·

65 1256 152 1340 spici
176 1261 209 1321 et
232 1256 366 1322 iudicari
391 1262 540 1341 oportere
564 1257 683 1322 sciunt:
707 1258 741 1322 in
762 1280 826 1342 quo
845 1258 1089 1342 probabilitatis

64 1364 160 1427 locus
183 1363 291 1428 nullus
312 1368 360 1428 est
379 1363 492 1452 (XV-
499 1361 614 1450 XVII).
650 1363 720 1428 Iam
739 1364 817 1430 duas
836 1363 1089 1429 adversariorum

64 1471 327 1553 comparationes
354 1471 396 1534 ab
425 1470 494 1534 iure
521 1470 656 1535 iurando
685 1474 718 1534 et
741 1471 866 1536 retibus
889 1472 1089 1554 thynnorum

64 1579 216 1660 sumptas
243 1578 364 1642 refutat
391 1577 586 1660 tertiamque
614 1577 684 1660 ipse
710 1577 744 1640 in
767 1578 912 1641 rhetores
935 1575 1031 1662 fingit
1055 1580 1088 1640 et

64 1683 275 1768 persequitur
299 1682 434 1772 (XVIII,
456 1681 556 1769 XIX).

136 1788 284 1855 Eundem
308 1790 459 1874 deinceps
483 1790 626 1854 eiusdem
649 1789 818 1874 scriptoris
841 1790 963 1855 librum
986 1811 1087 1873 usque

63 1895 201 1960 excutit.
238 1896 300 1973 Qui
322 1896 369 1961 ita
393 1896 533 1961 disserit:
556 1897 715 1962 rationem
737 1897 921 1961 habendam
943 1895 1087 1961 iustitiae

63 2005 100 2066 et
119 2001 306 2087 iniustitiae,
326 2002 454 2086 qualem
467 2003 583 2089 volgus
601 2005 713 2090 fingat,
731 2003 807 2067 licet
826 2004 868 2067 ab
888 2001 991 2087 ipsius
1009 2002 1088 2066 iusti

64 2112 101 2172 et
125 2107 239 2172 iniusti
256 2112 372 2173 natura
391 2110 528 2194 recedat,
551 2131 616 2173 non
636 2109 765 2194 qualem
783 2108 998 2193 philosophus
1017 2130 1087 2173 cen·

64 2217 146 2298 seat,
172 2215 318 2298 quamvis
342 2237 415 2279 cum
437 2218 552 2279 natura
576 2218 742 2300 congruat.
787 2214 887 2300 Volgi
910 2215 996 2278 enim
1019 2215 1086 2298 opi-

62 2320 181 2386 niones
212 2325 378 2405 tamquam
410 2343 559 2384 nummos
592 2321 789 2384 circumferri
818 2323 850 2383 et
877 2320 996 2406 valere,
1028 2343 1087 2385 nec

64 2427 219 2512 prodesse
242 2427 378 2491 aliarum
401 2426 628 2491 inventionem.
676 2425 729 2492 Sic
751 2426 965 2511 philosophos
987 2449 1087 2492 novas

63 2534 145 2598 iusti
170 2537 202 2597 et
225 2532 338 2597 iniusti
361 2532 510 2597 notiones
533 2533 585 2597 vel
608 2556 647 2597 ex
671 2533 742 2617 ipsa
765 2555 873 2598 rerum
896 2537 1012 2598 natura
1032 2534 1086 2598 eli·

64 2641 189 2705 cientes
212 2662 316 2726 nugas
340 2661 443 2725 agere.
462 2639 580 2705 —Sed
602 2663 706 2724 neque
725 2663 744 2704 a
762 2640 851 2726 volgi
875 2640 1087 2724 opinionibus

64 2746 231 2830 Epicurus
249 2746 390 2810 multum
409 2747 517 2811 differt
536 2747 574 2810 de
593 2747 645 2811 via
664 2769 702 2812 ac
719 2747 844 2812 ratione
864 2751 1001 2832 tantum,
1023 2770 1086 2831 qua

64 2875 229 2918 summum
247 2853 371 2917 bonum
389 2853 537 2938 efficitur,
561 2853 760 2940 dissentiens,
782 2858 815 2919 et
833 2853 960 2937 politici
979 2876 1086 2919 rerum

63 2965 99 3024 et
122 2965 308 3043 temporum
330 2960 520 3024 necessitate
544 2960 632 3025 ducti
656 2983 696 3025 ex
719 2982 776 3025 sua
794 2960 939 3043 libidine,
962 2983 1027 3025 non
1046 2961 1086 3024 ad

63 3088 213 3131 normam
228 3067 394 3152 volgarem
412 3066 578 3131 notionem
592 3068 669 3132 iusti
684 3069 887 3133 conformant
902 3071 934 3132 ct
948 3069 1086 3154 fingunt.

62 3173 287 3256 Philosophus
315 3177 424 3237 autem
450 3195 516 3238 non
539 3174 643 3238 solum
667 3175 865 3261 cogitatione
887 3175 954 3240 vim
977 3178 1009 3237 et
1032 3196 1086 3237 na·

63 3287 175 3345 turam
198 3279 329 3344 virtutis
351 3280 482 3364 penitus
505 3280 671 3365 perspicit,
695 3282 868 3346 sedetiam
886 3281 921 3346 in
940 3280 1085 3365 qualibet

63 3387 198 3453 civitate
222 3387 396 3470 tranquille
419 3387 525 3452 vivere
549 3392 658 3472 potest
681 3385 923 3477 (xx-ml.

133 3491 180 3557 Ut
201 3497 307 3556 autem
330 3493 495 3562 rhetorica
518 3495 626 3565 vitam
647 3497 792 3566 beatam
811 3496 959 3566 reddere
972 3513 1054 3556 non
1065 3505 1131 3568 qs-
