2362 3832
449 145 688 199 „XLI-

125 293 189 360 Hic
213 315 341 378 quoque
364 294 449 359 liber
471 298 561 360 totus
580 296 646 360 fere
665 295 700 359 in
719 293 914 360 refutatione
933 293 1077 358 adversa-

51 402 181 466 riorum
204 405 357 465 versatur.
398 399 437 465 In
460 423 524 486 quo
548 423 621 466 eum
643 400 837 466 rhetoricam
860 399 951 484 nihil,
974 400 1078 484 philo-

54 506 209 592 sophiam
232 506 410 591 plurimum
433 509 578 573 conferre
602 508 778 574 disseratur
800 508 841 572 ad
863 508 946 572 bene
970 507 1078 571 beate-

56 636 123 700 que
146 614 328 700 vivendum,
353 616 439 680 hunc
462 615 584 680 librum
607 616 782 702 σύγκρισιν
805 617 1005 700 φιλοσοφίας
1023 612 1078 679 καὶ

56 722 236 809 ῥητορικῆς
262 721 370 806 possis
397 720 582 787 inscribere.
623 720 669 786 cf.
692 721 734 806 Β,
758 720 825 808 3¹):
857 725 936 787 Νῦν
960 722 1078 785 τοίνυν

56 827 254 914 ἐπέλθωμεν
277 829 389 894 αὐτῶν
411 827 467 896 καὶ
489 829 547 907 τὰς
569 827 639 895 κατ’
665 830 769 895 ἄλλον
792 832 917 914 τρόπον
939 835 997 911 τῆς
1020 826 1078 912 ῥη-

54 943 193 1022 τορικῆς
220 944 259 1022 τῇ
282 939 466 1025 φιλοσοφίᾳ
489 939 686 1024 συγκρίσεις.
732 935 770 1000 ln
792 934 823 999 A
846 938 955 999 autem
978 932 1079 1017 potis-

55 1041 178 1107 simum
201 1042 383 1107 ostenditur
405 1042 564 1108 iudicialis
587 1043 766 1108 rhetoricae
787 1043 910 1107 nullam
930 1062 998 1105 esse
1017 1040 1079 1103 uti-

54 1149 200 1234 litatem,
226 1149 261 1214 in
284 1150 312 1214 B
340 1149 445 1236 magis
468 1150 612 1216 studium
634 1150 716 1215 illud
738 1151 865 1215 forense
889 1148 1078 1212 damnosum

55 1259 91 1320 et
116 1253 335 1339 periculosum
359 1278 428 1321 esse
451 1256 698 1322 demonstratur.

126 1361 212 1428 Nam
244 1362 316 1446 ipsa
347 1361 404 1426 illa
436 1362 471 1428 in
499 1363 661 1448 loquendo
689 1363 881 1447 simplicitas
909 1383 946 1425 ac
974 1359 1080 1444 pudor

56 1467 221 1556 genuinus
235 1468 452 1535 balbutientis
470 1469 626 1535 sermonis
642 1469 695 1557 (Α,
710 1468 745 1557 6)
764 1469 869 1555 magis
888 1467 1080 1552 plerumque

55 1574 222 1640 iudicibus
244 1575 436 1659 persuadere
460 1575 543 1641 solet
563 1598 737 1661 quamam,
762 1597 843 1660 quae
862 1574 1079 1659 suspicionem

57 1680 232 1766 pravitatis
264 1685 400 1746 moveat.
446 1678 560 1765 Itaque
592 1703 651 1765 per
683 1704 716 1746 se
749 1681 820 1766 ipsa
849 1680 922 1745 tolli
952 1679 1080 1744 videtur

58 1785 120 1875 (Α,
150 1785 220 1875 11),
248 1786 339 1852 cuius
366 1788 541 1872 possessio,
572 1788 725 1872 quoniam
751 1788 863 1853 fraude
887 1787 1081 1869 continetur,

58 1894 160 1959 etiam
178 1893 314 1959 aliarum
333 1894 452 1960 artium
471 1917 566 1960 usum
585 1899 617 1960 et
632 1895 896 1961 exercitationem
910 1891 1081 1978 restringit

58 2000 115 2089 (A,
135 2000 169 2086 53
191 2000 229 2086 Β,
247 2003 299 2085 29,
318 1999 385 2088 30).
419 2000 619 2086 Quamquam
642 2007 751 2067 autem
774 2025 834 2087 per
852 2025 886 2067 se
904 2001 976 2085 ipsa
994 1998 1079 2064 mala

58 2130 127 2173 non
154 2110 217 2191 est,
246 2111 356 2173 tamen
383 2130 435 2192 ne
451 2129 569 2192 pravus
598 2113 630 2173 et
657 2109 764 2193 turpis
791 2107 888 2172 huius
915 2106 1080 2172 facultatis

59 2236 138 2280 usus
162 2214 233 2297 fiat,
256 2214 483 2299 philosophiae
507 2219 582 2301 eget
604 2215 821 2280 moderamine
844 2212 899 2301 (A,
919 2210 983 2299 13).

127 2319 176 2386 Ut
213 2325 322 2385 autem
358 2322 632 2405 sycophantarum
663 2321 806 2404 impetus
837 2342 904 2384 non
937 2319 1081 2385 defendit

60 2425 115 2516 (Α,
136 2430 165 2511 7,
189 2426 247 2492 ool.
266 2428 306 2512 V,
323 2426 394 2513 Vr),
416 2428 463 2493 ita
486 2427 574 2514 volgi
598 2428 707 2493 odium
731 2431 764 2492 ct
782 2426 936 2492 invidiam
955 2425 1081 2512 colligit

61 2533 113 2622 (Β,
135 2530 200 2620 19).
236 2534 307 2601 Νοο
330 2535 416 2600 enim
440 2540 582 2601 oratores
607 2535 693 2620 quod
715 2534 779 2620 ipsi
802 2535 916 2600 volunt
935 2533 1080 2599 efficiunt

60 2644 229 2725 tamquam
247 2641 377 2726 tyranni
394 2641 445 2730 (B,
460 2640 505 2729 8),
524 2643 579 2706 sed
593 2643 701 2726 plebis
714 2641 892 2707 temeritati
906 2641 1081 2707 servientes

61 2769 98 2812 ac
126 2747 244 2812 timore
273 2752 433 2833 perpetuo
462 2749 619 2835 exagitati
647 2748 702 2837 (B,
724 2747 758 2836 6)
787 2752 924 2833 propter
947 2747 1081 2833 exiguas

61 2854 254 2939 plerumque
278 2876 389 2920 causas
407 2855 459 2920 vel
478 2855 605 2940 expulsi
624 2855 676 2920 rel
694 2856 856 2921 interfecti
876 2858 951 2921 sunt
970 2853 1021 2942 (Β,
1036 2850 1081 2939 4).

62 2960 208 3045 Oumque
236 2961 324 3026 fluxa
351 2962 394 3027 sit
421 2962 589 3046 popularis
617 2984 694 3027 aura
717 2967 749 3026 et
773 2963 954 3047 periculosa
977 2960 1084 3047 gratia

62 3067 195 3152 civium,
227 3068 331 3133 multo
363 3070 483 3134 rectius
514 3069 555 3134 ad
586 3070 828 3154 philosophiam
859 3068 1083 3153 confugiemus

62 3174 118 3261 (Β,
140 3171 205 3259 12),

136 3335 163 3403 1)
182 3349 248 3402 pap.
265 3338 318 3387 220
338 3331 497 3403 significavi
515 3332 552 3402 A,
571 3350 636 3403 pap.
653 3338 722 3389 10⁷8
742 3336 771 3389 et
791 3338 859 3388 1080
878 3334 910 3401 Β,
929 3349 995 3402 pap.
1012 3337 1081 3385 1669

62 3423 263 3478 continuam
283 3421 311 3476 C.
339 3421 417 3477 Haec
437 3421 511 3507 enim
531 3421 591 3477 sine
611 3421 700 3481 dubio
718 3422 810 3480 finem
822 3421 901 3477 flori
913 3420 1112 3476 saumana

60 3512 152 3566 multa
165 3513 236 3578 post
248 3526 316 3579 pag.
332 3515 386 3565 270
405 3510 504 3569 deesse
526 3513 664 3573 arbitror.
