2376 3846
475 142 683 196 ...LI-

64 316 101 358 se
142 292 266 379 erigere
304 292 408 356 debet.
462 290 552 355 Haec
589 290 675 355 enim
708 313 781 355 vere
814 296 864 356 est
895 290 1086 359 Amaltheae

64 422 182 484 cornu,
207 421 280 463 oum
303 397 482 482 sophistica
504 397 562 461 rili
585 398 703 481 cyatho
727 402 939 482 comparetur.
1038 400 1087 465 Ac

63 507 146 571 licet
174 505 342 589 sophistae
369 504 499 588 inopiae
525 508 558 568 et
581 503 763 569 sterilitatis
787 505 983 570 conscientia
1006 507 1087 572 moti

64 613 211 698 plurima
230 612 447 696 profiteantur
464 610 554 674 velut
572 610 736 696 musicam,
755 613 1001 697 grammaticam
1019 617 1088 698 etc,

63 719 153 784 nihil
179 717 316 802 habent,
345 716 431 801 quod
459 717 544 781 sicut
566 739 617 781 ars
640 717 772 800 publice
796 717 921 783 dicendi
944 720 1088 784 animum

62 826 249 911 ingenuum
271 823 399 888 allicere
424 823 528 907 possit
552 821 779 910 (XLIX-LI).

137 929 208 1006 Qua
234 929 269 994 in
294 952 328 994 re
351 951 418 994 non
440 928 616 993 imitandus
640 934 689 992 est
711 927 918 1015 Aristoteles,
947 931 1002 1015 qui
1025 932 1087 996 sub

61 1039 168 1102 finem
195 1035 281 1100 vitae
309 1035 553 1120 philosophiam
582 1034 722 1100 deseruit
746 1040 779 1100 et
802 1036 955 1120 politicae
979 1060 1012 1102 se
1036 1037 1088 1101 ad-

62 1143 154 1214 dixit
174 1193 225 1207 ...
246 1142 365 1226 quique
384 1145 467 1206 teste
482 1141 624 1225 Epicuro
642 1141 729 1206 vitae
748 1143 844 1207 beate
863 1148 895 1208 et
914 1143 1089 1210 salubriter

61 1248 287 1315 instituendae
311 1248 511 1312 adversarius
534 1248 683 1313 infestior
706 1249 833 1313 exstitit
855 1272 952 1333 quarn
973 1251 996 1314 ii
1015 1251 1088 1335 ipsi,

62 1356 125 1441 qui
155 1377 190 1418 se
217 1354 264 1418 rei
291 1354 442 1438 publicae
472 1354 668 1419 dediderunt.
776 1354 954 1420 Imitandus
977 1357 1089 1436 potius

60 1462 237 1544 Isocrates,
260 1460 316 1544 qui
339 1465 435 1524 antea
458 1465 560 1525 artem
583 1460 709 1524 dicendi
732 1462 898 1545 professus
921 1462 961 1526 ad
984 1463 1088 1546 philo-

62 1567 221 1652 sophiam
248 1589 439 1654 progressus
464 1571 526 1652 est,
554 1588 652 1650 quarn
674 1568 932 1651 tranquilliorem
956 1574 989 1633 et
1012 1569 1089 1634 divi-

60 1676 196 1742 niorem
226 1675 373 1738 vocabat.
487 1672 682 1738 Aristoteles
710 1674 795 1739 enirn
823 1679 943 1740 temore
972 1680 1005 1740 et
1031 1675 1088 1740 irn-

62 1781 248 1868 prudenter
274 1780 315 1845 ad
342 1780 510 1865 politicam
538 1781 716 1865 ferebatur,
747 1804 843 1865 quam
870 1782 1021 1866 pluribus
1049 1782 1088 1846 de

62 1887 176 1954 causis
200 1887 352 1971 prodesse
376 1887 517 1970 putabat
541 1887 643 1968 [velut
662 1888 748 1971 quod
766 1888 976 1973 philosophia
995 1911 1034 1953 ex
1053 1911 1088 1952 re

61 1994 203 2081 publica
236 1995 318 2058 bene
350 1996 532 2076 temperata
559 1992 698 2057 multum
728 1993 917 2059 incrementi
945 1999 1088 2080 caperet3

62 2103 106 2167 of.
133 2123 209 2184 pap.
229 2101 293 2165 821
318 2121 392 2184 pag.
411 2097 767 2180 xxxvii-mlxi
805 2100 867 2165 Sed
889 2101 945 2165 illc
968 2101 1088 2184 impru-

63 2206 201 2273 dentius
224 2227 322 2290 quam
344 2204 533 2268 muliercula
556 2206 643 2288 quod
663 2206 756 2289 peius
780 2211 849 2271 erat
868 2207 975 2292 elegit,
998 2228 1088 2290 prae-

62 2313 184 2380 sertim
216 2335 289 2376 cum
320 2310 531 2395 philosophia
559 2311 657 2376 etiam
686 2312 754 2376 sine
782 2312 828 2376 rei
857 2313 1008 2396 publicae
1036 2313 1087 2376 ad-

62 2419 234 2487 miniculis
257 2417 393 2483 creverit
417 2421 450 2481 et
472 2418 586 2481 floreat
610 2416 855 2504 (LHl—LVll).

422 2641 472 2695 De
495 2639 583 2695 libro
606 2641 738 2696 ultimo.

136 2771 209 2836 Hoc
231 2771 317 2837 libro
342 2772 380 2836 de
403 2772 436 2836 vi
459 2772 672 2856 persuadendi
694 2773 810 2859 agitur.
846 2771 921 2856 Ipse
941 2795 1014 2838 eum
1033 2775 1088 2838 ali-

62 2877 226 2966 quamdiu
253 2879 386 2943 tertium
414 2900 483 2943 esse
511 2880 682 2962 putabam,
710 2880 796 2963 quod
823 2883 930 2943 tamen
961 2880 1087 2945 demon-

62 2985 167 3054 strari
185 2983 275 3048 nullo
295 2989 391 3067 pacto
411 2988 528 3068 potest.
560 2984 608 3051 Ut
627 2985 710 3049 solet
724 2989 832 3050 autern
846 2984 1087 3073 Philodemus1)

62 3091 266 3161 rhetoricam
289 3113 362 3154 cum
385 3090 594 3174 philosophia
618 3095 793 3175 comparat.

136 3198 231 3263 Illius
244 3199 319 3283 vim,
339 3221 421 3283 quac
435 3198 470 3262 in
483 3198 695 3263 conventibus
710 3197 851 3282 publicis
866 3203 1023 3285 cernatur,
1042 3200 1087 3264 in-

64 3311 193 3375 certam
221 3327 290 3370 csse
319 3308 352 3369 et
380 3305 513 3369 dubiam
539 3306 591 3369 vel
614 3305 765 3391 exiguam
788 3305 978 3389 ut1htatem,
1005 3307 1087 3370 hanc

140 3501 170 3564 1)
188 3497 222 3562 cs.
235 3497 328 3565 praet
344 3514 411 3568 pag.
426 3497 497 3556 XLI.

871 3592 912 3647 aa
