2362 3832
434 177 476 184 --
522 148 627 202 XXXV
674 177 715 184 -

60 297 162 364 αὐτοὶΙ
184 308 374 382 ποιοῦνται,
401 295 456 362 καὶ
484 298 540 374 τδις
562 307 630 363 τῶν
653 300 764 380 λόγων
788 296 972 383 διαθέσεις,
1001 301 1084 366 οἵων

60 402 158 470 αὐτοὶ
175 404 364 488 μμολφουσίν
377 426 412 467 τε
430 400 486 468 καὶ
505 402 744 488 σχεδιολζονσιν.
777 403 978 489 Quamquam
997 407 1083 470 enim

59 533 128 576 non
154 509 294 574 multum
321 508 422 572 habet
449 506 640 596 methodi1)‚
672 512 782 574 tamen
810 532 847 574 ea
874 532 941 575 non
969 512 1085 576 orbata

61 620 119 682 est.
157 615 268 680 Habet
292 614 378 679 enim
402 614 620 699 ἐκιτεύμματα
644 637 701 680 sua
723 614 813 703 (124,
833 614 878 703 7),
901 620 1083 696 καθολικδις

59 725 262 809 παραδόσεις
271 720 368 810 (126)
379 720 468 786 velut
483 721 521 785 de
532 721 780 808 prooemiorum,
789 723 1012 788 narrationum
1023 728 1083 789 etc.

59 829 200 914 ratione,
231 829 328 894 κοινά
359 851 435 893 τινα
466 826 522 892 καὶ
550 837 696 914 στοιχεῖα
723 827 777 894 ἐπὶ
803 831 844 895 τὰ
871 832 953 895 κατὰ
983 829 1083 916 μέρος

59 937 219 1019 διήκοντα
245 934 340 1022 (127,
371 931 537 1021 128‚1)2)
566 956 712 1019 quaeque
740 940 907 1018 praeterea
935 941 1011 1001 sunt
1040 960 1080 1002 ex

57 1040 242 1106 Philodemi
274 1040 435 1106 sententia
467 1040 560 1127 signa
588 1041 675 1105 artis.
721 1040 835 1125 ltaque
864 1043 920 1126 qui
948 1043 1082 1130 ingenio

58 1147 147 1212 felici
175 1151 208 1211 et
236 1148 318 1212 bene
346 1150 527 1230 temperato
556 1146 671 1212 enixus
698 1147 921 1234 technologias
949 1151 1082 1233 penitus

58 1253 244 1338 perceperit
266 1253 418 1318 adiuncta
441 1252 671 1317 exercitatione
695 1253 741 1339 id,
766 1254 852 1338 quod
874 1256 1082 1339 propositum

58 1364 118 1445 est,
134 1382 203 1425 non
220 1359 327 1424 minus
347 1381 444 1444 quam
463 1359 498 1423 in
516 1359 589 1424 aliis
604 1359 730 1424 artibus
746 1364 961 1444 consequetur
975 1361 1081 1450 (129).

56 1468 234 1551 Perperam
259 1488 334 1532 vero
359 1489 430 1531 eam
453 1470 556 1530 artem
579 1488 649 1530 esse
673 1466 880 1531 contionandi
904 1488 1081 1551 causasque

58 1573 187 1638 dicendi
220 1572 426 1638 contenditur
456 1569 559 1659 (132).
610 1571 762 1656 Quaeque
790 1572 825 1635 in
853 1572 972 1638 scholis
1000 1574 1081 1639 eius-

57 1680 147 1745 modi
171 1680 333 1745 orationes
354 1679 531 1763 habentur,
555 1700 655 1743 vanae
678 1678 878 1743 imitationes
901 1685 986 1764 sunt,
1010 1682 1078 1765 qui-

57 1788 121 1852 bus
145 1808 223 1851 usus
246 1791 279 1852 et
302 1786 421 1871 peritia
439 1785 511 1869 fori,
534 1785 654 1869 iudicii,
676 1784 878 1872 legationum
897 1787 1080 1852 adfectatur

57 1893 164 1979 magis
187 1915 284 1977 quam
306 1892 488 1977 percipitur
511 1896 567 1956 eut
590 1891 737 1957 traditur.
774 1891 888 1976 ltaque
907 1893 1077 1958 abicienda

56 2002 130 2066 ista.
175 2000 290 2084 Neque
323 1999 409 2063 enim
438 1999 465 2063 si
493 2021 545 2063 ars
573 2003 635 2084 est,
668 1999 740 2062 ideo
769 2021 820 2063 ars
849 2003 898 2063 est
925 2000 1080 2083 politicae

59 2107 166 2192 (134).

126 2212 282 2290 Quartum
307 2215 376 2277 erat
399 2216 498 2295 caput
520 2209 597 2297 περὶ
617 2220 677 2276 τοῦ
695 2212 757 2295 τήν
776 2211 1022 2296 εὐδοκιμοῦσαν
1040 2212 1079 2278 ἐν

57 2323 177 2405 δήμοις
198 2318 255 2385 καὶ
278 2321 501 2403 δικαστηρίοις
525 2318 670 2401 δύναμιν
694 2317 754 2401 οὐχ
778 2314 834 2381 ὑπ’
861 2319 963 2400 ἄλλης
986 2340 1078 2403 σεμι-

55 2430 213 2511 γίνεσθαι
235 2436 304 2503 τοῑς
327 2425 418 2501 ὅλοις
436 2423 615 2508 ἐπιστήμης
636 2425 708 2508 136,
723 2424 887 2508 20-137,
902 2425 953 2488 27.
985 2422 1079 2500 Quod

55 2533 138 2599 satis
171 2531 311 2616 simplici
344 2529 590 2595 ratiocinatione
624 2529 863 2594 demonstratur
890 2529 949 2595 sic:
981 2553 1077 2596 nemo

54 2642 187 2724 praeter
217 2637 427 2703 scholasticos
457 2637 541 2701 hanc
568 2640 671 2700 artem
699 2637 883 2720 profitetur:
917 2638 1008 2720 atqui
1036 2639 1077 2701 ad

27 2738 31 2746 ’
54 2745 226 2830 politicam
239 2743 429 2809 facultatem
443 2743 675 2826 assequendam
688 2742 772 2807 nihil
785 2743 936 2808 videntur
949 2744 1077 2807 afferre:

53 2854 166 2937 itaque
186 2852 241 2936 qui
261 2872 331 2916 eam
349 2850 501 2935 habeant,
519 2851 579 2915 hos
598 2870 662 2933 quo
681 2850 776 2914 modo
796 2871 921 2934 cunque
940 2849 1077 2933 adeptos

54 2982 127 3024 eam
151 2958 220 3022 sine
245 2957 391 3022 doctrina
413 2956 555 3022 nancisci
580 2955 720 3021 efficitur
742 2954 789 3043 (p.
811 2954 898 3042 137).

128 3242 154 3309 1)
174 3242 206 3294 ut
224 3237 339 3308 poetica
358 3238 386 3292 et
404 3237 520 3293 musica.

129 3331 157 3399 2)
176 3328 252 3397 quod
271 3327 404 3382 Isocratis
424 3327 552 3397 exemplo
571 3325 759 3380 demonstrari
776 3326 895 3380 videtur.

853 3596 888 3652 (ᾖ
