2362 3832
495 157 738 212 —Vlll—

109 308 191 391 quit.
230 305 328 372 Cuius
351 306 548 371 mentionem
570 306 742 391 faciebam,
766 329 839 371 cum
863 306 931 372 eius
954 307 1131 374 lectionem

111 435 131 477 a
153 435 225 477 mea
249 413 484 497 discrepantem
508 412 742 497 respiciendam
766 413 944 477 censebam.

178 518 302 583 Deinde
325 518 363 583 E.
384 517 465 583 Gros
487 519 719 605 Francogallus
742 519 776 583 in
799 519 884 584 libro
909 522 1132 607 „tiirtodq'pov

109 624 185 712 περὶ
204 626 381 712 ῥητορικῆς
404 647 443 690 ex
461 625 696 691 Herculanensi
714 648 840 711 papyro
859 626 990 713 lithogr.
1011 626 1131 693 Oxonii

111 753 247 795 excussa
269 730 422 817 restituit,
445 732 545 797 latine
568 733 666 797 vertit
690 737 748 797 etc.
763 770 808 780 -
821 731 950 798 Adiecti
971 740 1047 800 sunt
1067 735 1131 800 duo

110 837 293 902 Philodami
312 837 390 903 libri
405 839 443 903 de
458 839 622 904 rhetorica·
631 838 772 924 Neapoli
790 839 877 924 editi,
895 839 995 905 Paris.
1013 842 1133 907 1840:“

114 949 147 1008 et
170 936 381 1031 Spengelium
405 950 437 1011 et
460 945 559 1011 Italos
584 945 762 1030 descripsit.

181 1050 333 1138 Singulos
366 1051 503 1136 denique
530 1052 618 1117 locos
645 1051 809 1133 Usenerus
837 1051 872 1116 in
898 1053 1070 1137 Epicureis
1099 1059 1132 1118 et

114 1156 325 1243 Gomperzius
348 1159 471 1242 passim
493 1163 720 1224 tractaverunt.
758 1158 901 1236 Quorum
920 1159 973 1224 hic
992 1159 1132 1243 plerum-

115 1286 177 1348 que
192 1265 227 1328 in
241 1265 388 1331 Zetiscbr.
395 1266 452 1347 fiir
465 1268 514 1332 die
527 1270 631 1332 dsterr.
641 1265 753 1351 Gpma.
766 1264 804 1328 de
818 1265 1038 1330 voluminibus
1047 1265 1082 1332 N
1083 1289 1132 1330 ea-

113 1370 268 1455 politanis
293 1370 452 1436 disserens
474 1394 541 1437 non
559 1393 662 1455 pauca
681 1370 827 1456 protulit.
859 1371 1002 1438 Usenero
1023 1377 1133 1436 autem

111 1499 179 1542 non
197 1500 298 1543 unum
315 1477 431 1563 locum,
449 1501 516 1544 non
534 1500 635 1543 unum
653 1477 812 1562 volumen,
832 1479 888 1543 sed
906 1501 1007 1563 paene
1024 1483 1133 1543 totum

112 1583 234 1648 librum
262 1584 377 1670 debeo,
406 1585 528 1670 quippe
557 1585 612 1670 qui
640 1607 691 1649 me
715 1584 755 1648 ad
778 1584 857 1649 haec
881 1585 987 1649 studia
1010 1585 1133 1650 adulas-

112 1695 239 1754 centem
254 1689 432 1776 adduxerit,
450 1691 747 1777 relanguescentem
762 1691 908 1775 erexerit,
928 1691 1134 1757 dubitantem

115 1796 361 1881 confirmaverit,
381 1796 525 1862 docuerit
539 1797 736 1884 imperitum,
756 1797 952 1862 revocaverit
972 1803 1134 1863 errantem

116 1908 148 1967 et
175 1902 396 1988 temerarium,
425 1903 536 1969 multis
565 1904 703 1988 denique
730 1903 810 1968 locis
834 1904 908 1967 inde
932 1926 950 1967 a
973 1926 1046 1990 pag.
1069 1908 1132 1971 129

114 2009 166 2073 vel
193 2031 305 2074 verum
333 2010 384 2073 vel
411 2011 479 2075 veri
506 2010 610 2074 simile
639 2010 889 2097 investigaverit.
940 2009 1029 2075 ldem
1056 2034 1132 2076 vero

114 2139 155 2180 ne
185 2115 288 2180 voluit
314 2115 445 2200 quidem
466 2138 585 2181 nomen
609 2139 703 2181 suum
727 2116 864 2203 singulis
887 2116 1027 2181 inventis
1050 2118 1134 2203 addi,

115 2224 202 2309 quod
220 2228 330 2288 tamen
348 2222 401 2288 hic
419 2223 486 2287 illic
505 2223 686 2288 faciendum
702 2222 829 2288 credidi.
860 2223 894 2287 N
895 2245 930 2287 ec
943 2223 1135 2288 Buechelcri

116 2354 247 2416 operam
265 2330 346 2395 mihi
361 2330 499 2396 defuisse
515 2330 697 2414 quicunque
711 2330 858 2395 Bonnam
873 2330 1028 2416 attigerit,
1047 2330 1133 2395 ultro

117 2434 297 2501 coniecerit.
340 2435 465 2513 Quibus
487 2436 568 2501 mihi
591 2437 653 2501 hoc
676 2435 746 2500 loco
771 2436 957 2521 duumviris,
981 2437 1135 2520 quoniam

117 2543 236 2606 referre
255 2563 321 2607 non
340 2563 482 2628 possum,
502 2542 623 2628 gratias
638 2564 733 2628 agere
748 2564 845 2626 quam
859 2542 1015 2626 plurimas
1029 2543 1134 2608 liceat.

162 2820 211 2874 De
236 2818 491 2888 exemplaribus
513 2817 746 2887 Neapolitanis
770 2822 804 2874 et
828 2818 1089 2876 oxoniensibus.

185 2967 347 3052 Exempla
380 2968 573 3054 chalcotypo
599 2966 818 3051 Neapolitana
846 2989 1041 3053 quamquam
1068 2991 1136 3033 non

117 3075 271 3142 mediocri
295 3074 464 3161 diligentia
487 3075 633 3140 confecta
657 3079 740 3157 sunt,
766 3079 875 3139 tamen
897 3075 968 3139 fieri
989 3097 1056 3138 non
1080 3099 1136 3158 po-

117 3187 215 3267 terat,
249 3182 328 3267 quin
359 3181 394 3246 in
422 3185 513 3246 tanta
540 3180 753 3246 frustulorum
780 3180 942 3266 farragine
971 3181 1137 3246 erroribus

118 3289 280 3354 interdum
317 3287 521 3374 gravioribus
558 3287 821 3353 deformarentur.
871 3285 967 3351 Mitto
1001 3287 1136 3374 minora,

117 3418 199 3479 quae
215 3393 352 3481 singulis
366 3393 446 3458 locis
461 3398 591 3459 enotata
605 3396 689 3479 sunt,
708 3392 797 3458 velut
816 3417 847 3477 p.
862 3395 914 3478 99,
929 3395 970 3458 29
986 3392 1135 3480 PlKHN,

114 3525 192 3567 cum
217 3500 243 3565 Ο
267 3505 353 3566 recte
377 3500 531 3565 exhibeat
555 3501 858 3587 [πα]ρεθήκα[μεν],
882 3498 962 3563 illud
981 3503 1138 3584 tanquam
