2362 3832
500 149 761 204 ..xm-

123 307 200 388 test,
229 302 381 388 quoniam
409 301 615 366 sanctitatem
640 297 739 363 animi
763 297 894 364 simulat
917 297 1024 385 magis
1050 321 1141 383 quam

123 408 236 493 efficit,
260 412 297 474 ut
320 407 525 473 simulatione
548 404 679 470 virtutis
703 403 906 469 commodum
929 409 1077 492 quaerat,
1099 405 1142 470 ita

122 513 331 599 philosophia
353 537 463 579 veram
486 512 585 578 animi
608 511 801 576 medicinam
823 510 963 598 largitur
981 550 1027 560 -
1046 512 1141 578 virtu·

123 627 197 687 tem.
245 621 365 700 Quodsi
389 644 460 686 eam
483 619 590 686 doceri
613 640 709 704 posse
732 623 868 705 negant,
894 618 957 683 hoc
980 623 1067 684 teste
1090 617 1140 686 so-

124 733 209 794 crate
233 729 268 793 in
291 727 460 812 politicam
483 727 594 811 potius
616 725 703 790 cadit
726 729 759 789 et
782 724 1003 809 sophisticam.
1053 724 1140 792 Cum-

125 858 186 920 que
206 856 301 899 nemo
316 834 500 899 oratoribus
514 833 608 918 peius
621 832 741 918 audiat,
759 831 894 896 ridicule
908 835 1028 918 orator,
1049 854 1140 918 quem

125 941 287 1026 quidlibet
320 942 417 1028 volgo
453 941 644 1026 persuadere
677 962 772 1024 posse
805 943 945 1025 ponunt,
979 939 1081 1006 etiam
1110 961 1140 1006 se

124 1048 232 1132 ipsum
255 1049 379 1114 bonum
401 1070 469 1113 esse
493 1048 618 1112 civibus
636 1069 848 1132 persuasurus
866 1046 993 1112 dicitur.
1030 1046 1140 1133 Itaque

124 1154 290 1238 Euripidis
304 1154 385 1219 illud
398 1155 433 1220 in
443 1154 567 1239 Oedipo
577 1154 800 1220 testimonium
809 1151 864 1241 (cf.
873 1153 999 1220 Nauck.
1013 1155 1054 1219 fr.
1065 1151 1141 1240 546)

124 1261 358 1345 philosophum
380 1285 446 1326 non
468 1261 613 1328 movebit
636 1258 936 1349 (XXV—XXVII).

52 1435 56 1444 ,
190 1368 304 1433 Potest
337 1369 473 1454 denique
506 1369 635 1453 sapiens
663 1368 846 1433 calamitate
874 1373 906 1433 et
934 1367 1064 1433 insidiis
1091 1391 1141 1454 op-

124 1475 234 1559 primi:
262 1474 478 1560 turpitudine,
507 1497 605 1560 quam
632 1474 777 1539 rhetores
804 1474 845 1538 ad
867 1477 972 1538 rostra
996 1474 1141 1540 attulisse

123 1586 238 1646 notum
262 1586 324 1667 est,
347 1581 510 1666 inquinari
532 1603 599 1646 non
622 1586 739 1665 potest.
786 1579 930 1666 Cumque
955 1581 1064 1647 omnis
1086 1582 1142 1647 rir-

125 1690 195 1751 tute
223 1688 361 1752 felicitas
389 1689 605 1773 contineatur,
633 1687 854 1772 philosophia,
882 1708 964 1772 quae
994 1692 1028 1753 et
1056 1688 1142 1754 vivos

125 1792 239 1858 mortis
271 1793 387 1858 timore
419 1793 539 1858 liberat
571 1798 604 1858 et
636 1799 782 1859 mortuos
812 1816 879 1859 non
912 1816 980 1859 esse
1010 1795 1144 1860 miseros

125 1900 231 1984 docet',
260 1898 498 1985 „inventionem
526 1904 558 1964 et
586 1922 680 1964 usum
708 1923 832 1986 eorum,
862 1922 944 1984 quae
973 1881 1016 1966 ad
1043 1901 1143 1967 vitam

125 2006 255 2069 beatam
278 2006 472 2091 pertineant,
496 2007 640 2072 omnium
663 2030 727 2073 una
750 2008 915 2094 porrigere
939 2009 1080 2092 potest“.

357 2303 406 2358 De
428 2303 632 2370 argumento
655 2301 734 2358 libri
755 2301 912 2371 proximi.

191 2432 429 2498 Difficillimum
449 2437 498 2498 est
517 2437 745 2520 argumentum
762 2433 840 2498 libri
857 2433 1034 2519 enucleare,
1054 2434 1145 2501 cuius

125 2538 227 2602 altera
245 2560 321 2623 pars
340 2539 507 2623 deperdita
526 2544 584 2623 est,
602 2539 735 2605 alterius
754 2544 863 2605 autem
877 2539 980 2624 partis
995 2540 1145 2628 singulae

125 2644 264 2730 paginae
283 2644 477 2730 dimidiatae,
496 2645 680 2711 dimidiatae
700 2646 798 2711 etiam
816 2647 974 2711 laceratae
993 2652 1028 2713 et
1047 2669 1145 2733 saepe

125 2774 297 2835 perperam
325 2752 503 2836 descriptae
531 2757 615 2818 sunt.
661 2752 798 2838 Insuper
824 2752 956 2839 cognitu
979 2752 1145 2821 interdum

127 2857 256 2922 difficile
276 2862 334 2943 est,
352 2863 462 2924 utrum
475 2848 684 2925 Philodemus
703 2861 855 2945 loquatur
873 2881 914 2923 an
933 2859 1145 2927 adversarius.

125 2964 210 3030 Nam
242 2964 295 3030 hic
328 2988 455 3051 quoque
487 2966 572 3031 liber
602 2967 651 3031 nil
681 2966 745 3032 nisi
778 2966 963 3053 ἀντιγραφή
995 2970 1054 3032 est.
1106 2967 1144 3032 lu

127 3093 190 3155 quo
215 3077 397 3156 opportune
421 3072 550 3158 accidit,
574 3075 660 3157 quod
683 3096 809 3160 papyro
829 3075 951 3139 821=
966 3072 1007 3137 H.
1023 3072 1068 3138 V2
1088 3073 1143 3157 VI,

128 3180 235 3244 1-46
263 3178 349 3243 idem
376 3184 547 3263 tractatur,
577 3184 614 3244 ut
641 3179 695 3244 hic
722 3179 789 3245 illic
817 3178 933 3244 clarius
960 3179 1040 3264 quid
1064 3180 1144 3247 insit

125 3284 297 3351 videamus.

191 3391 302 3456 Possis
325 3396 433 3457 autem
456 3394 542 3457 hunc
564 3393 686 3458 librum
709 3395 821 3459 eodem
840 3393 937 3459 titulo
956 3393 1144 3480 inscribere,

58 3559 64 3570 ,
112 3519 180 3580 quo
196 3498 382 3567 Metrodori
402 3500 490 3568 liber
510 3503 595 3592 πρὸς
613 3504 693 3580 τοὺς
713 3500 778 3566 dab
797 3503 1016 3584 pocroboptue
1033 3499 1145 3580 accoe-
