2362 3832
483 130 748 185 „mv—

222 281 253 344 b.
277 291 345 346 τῶν
371 276 455 365 ὑπὲρ
483 290 544 346 τοῦ
571 279 691 366 τέχνην
718 280 825 364 αὐτὴν
851 276 938 346 εἶναι
959 301 1127 368 προφερο-

274 386 387 471 μένων
408 385 456 473 (p.
476 387 528 472 29,
549 388 690 472 14-46,
710 384 777 473 16).

172 497 201 558 2.
225 497 308 579 πρὸς
328 491 575 579 Ἐπικουρείους

227 623 254 664 a.
277 602 356 677 τοὺς
378 598 538 684 λέγοντας
560 602 621 685 τῆν
646 599 864 686 ῥητορικὴν
886 609 947 668 τοῦ
965 598 1028 686 μὲν
1047 604 1125 688 χροί-

273 730 352 791 φειν
379 710 501 792 λόγους
527 704 584 772 καὶ
611 706 785 786 ἐπιδείξεις
811 714 983 774 ποιεῖσθαι
1005 707 1125 796 τέχνην

276 809 373 898 εἶναι,
396 823 457 880 τοῦ
480 811 518 881 δὲ
541 816 636 891 δίκας
657 812 767 898 λέγειν
786 813 841 880 καὶ
860 817 1065 901 δημηγορεῖν
1084 814 1125 882 οὐ

276 917 397 1006 τέχνην
420 943 451 1004 p.
470 922 524 1006 47,
545 922 666 1004 ltsqq.

220 1026 253 1090 b.
274 1029 358 1112 πρὸς
384 1030 463 1104 τοὺς
489 1023 647 1110 λέγοντας
673 1026 780 1111 αὐτὴν
806 1025 937 1113 τέχνην,
963 1029 1125 1114 προσδεο-

274 1129 380 1216 μένην
402 1129 440 1197 δὲ
463 1133 595 1218 φύσεως
614 1130 671 1198 καὶ
688 1137 804 1219 τριβῆς
821 1132 884 1199 οὐκ
902 1133 950 1209 είς
966 1134 1031 1217 τὴν
1050 1131 1125 1199 ἑαυ-

274 1247 333 1322 τῆς
355 1236 524 1322 ἀνάληψιν
546 1235 618 1303 ἀλλ’
641 1240 689 1316 είς
711 1239 773 1322 τῆν
796 1238 968 1325 ἐπιτυχίαν
990 1248 1053 1306 τοῦ
1076 1237 1125 1304 τί-

275 1349 355 1421 λονς
378 1367 409 1428 p.
427 1346 487 1429 49,
507 1347 549 1409 14
558 1366 627 1428 sqq.

225 1473 250 1515 c.
274 1453 358 1538 πρὸς
384 1455 463 1529 τοὺς
485 1448 776 1537 ἀποφαινομένους
798 1453 861 1519 οὐκ
882 1446 970 1517 εἶναι
993 1451 1126 1540 τέχνην,

275 1565 309 1624 εἴ
333 1583 383 1636 τις
414 1561 596 1644 προείληφε
626 1557 747 1645 τέχνην
777 1560 840 1643 τὴν
869 1561 907 1626 τὸ
939 1561 1125 1644 μεθοδικὸν

277 1667 419 1750 ἔχουσαν
446 1663 502 1731 καὶ
527 1662 663 1751 ἑστηκὸς
684 1665 889 1750 παράδοσιν,
916 1666 948 1730 εί
969 1662 1008 1731 δέ
1030 1672 1127 1732 καλεῖ

275 1770 331 1836 καὶ
357 1772 419 1855 τῆν
447 1772 607 1858 ὁλοσχερῆ
630 1776 860 1859 παρατήρησιν
883 1773 945 1856 τὴν
968 1776 1092 1859 στοχαζ
1110 1812 1124 1822 -

276 1877 381 1962 μένην
408 1887 468 1945 τοῦ
495 1879 540 1955 ὡς
568 1876 622 1944 ἐπὶ
648 1880 685 1944 τὸ
713 1881 800 1945 πολὺ
823 1876 879 1943 καὶ
900 1878 984 1944 κατὰ
1006 1881 1047 1945 τὸ
1069 1881 1123 1945 εὔ-

276 1988 389 2067 λογον,
413 1982 532 2070 τέχνην
554 1980 641 2050 εἶναι
663 2008 695 2069 p.
714 1981 768 2069 53,
785 1984 886 2068 5sqq.

225 2088 253 2153 d.
277 2092 360 2175 πρὸς
391 2093 469 2168 τοὺς
501 2094 607 2176 μόνον
639 2091 849 2177 ἀντιφώνους
883 2097 1015 2178 σχολῶν
1048 2095 1125 2169 τοὺς

275 2197 592 2283 ὑπομνηματισμοὺς
624 2195 911 2284 ἀναγράψανταςῙ)
944 2221 975 2282 p.
1000 2199 1060 2284 57,
1083 2199 1124 2264 23

278 2305 374 2388 —60,
396 2307 444 2370 11.

227 2432 252 2473 e.
276 2413 359 2494 πρὸς
373 2413 523 2496 Βρόμιον
542 2416 655 2475 contra
673 2411 808 2495 Epicuri
827 2409 1022 2476 sententiam
1042 2416 1126 2476 stan·

276 2519 344 2579 tem
367 2539 399 2600 p,
418 2518 472 2601 οι,
492 2519 632 2601 ιι-οο,
653 2520 681 2583 1.

390 2646 429 2712 H.
463 2650 693 2734 Φιλοδήμου
717 2650 846 2736 δόξαι,

107 2782 189 2845 quae
213 2766 368 2849 quattuor
391 2763 555 2848 capitibus
578 2762 794 2831 illustrantur:

175 2890 201 2932 a.
225 2868 323 2956 τέχνη
342 2873 380 2935 τί
394 2867 524 2954 λέγεται
541 2872 624 2936 κατὰ
642 2873 704 2955 τὴν
719 2874 915 2955 συνήθειαν,
934 2871 1127 2958 ὑπομνῆσαι

227 2974 375 3063 βραχέως
402 2976 457 3061 (οὐ
485 2977 548 3062 γὰρ
577 2979 660 3064 ίίλλη
686 2980 727 3043 τὰ
749 2974 889 3063 ἡμέτερα
912 2978 981 3042 ἔστι
1005 2978 1125 3064 δεῖξαι)

224 3105 256 3166 p.
276 3083 328 3166 68,
348 3085 467 3168 1-77,
485 3084 537 3150 26.

180 3224 206 3290 1)
224 3221 347 3276 Additur
364 3240 392 3291 p.
407 3227 450 3290 60,
471 3229 588 3292 11-64,
609 3227 643 3278 10
661 3222 697 3278 de
715 3222 835 3293 politica
853 3221 1020 3292 disputatio,
1040 3241 1126 3294 quam

106 3323 189 3362 nemo
204 3307 264 3364 fere
277 3309 432 3381 Epicureus
447 3312 537 3366 artem
551 3327 612 3366 esse
628 3313 745 3378 statuat,
765 3313 794 3365 et
808 3311 843 3366 de
857 3309 1037 3381 quibusdam,
1054 3331 1127 3384 quae

105 3395 177 3452 rhet.
198 3396 306 3454 artibus
324 3399 510 3468 intercedant,
530 3398 705 3469 differentiis,
724 3399 759 3454 de
774 3399 876 3468 quibus
890 3415 1042 3468 perperam
1055 3418 1127 3457 non-

91 3484 173 3536 nulli
186 3486 361 3546 iudicarunt.
