2362 3832
542 145 743 198 ,Χ-

134 300 218 360 tram
240 299 368 379 partem
392 294 510 378 explet.
549 294 610 371 Qui
633 295 694 360 hoc
717 295 787 360 fieri
811 295 941 380 potuit?
978 296 1025 362 Ut
1044 298 1156 364 brevis

132 403 202 487 sim,
224 401 434 487 Neapolitani
458 401 485 465 si
505 423 568 486 qua
587 401 704 488 exigua
723 402 862 467 frustula
880 403 1056 489 habebant,
1080 405 1154 470 istis

134 508 280 593 reliquiis
299 507 478 595 marginem
498 492 697 593 addiderunt,
721 530 802 593 quae
822 509 962 593 deerant,
986 515 1153 597 tamquam

135 615 316 680 ornamenti
346 616 452 701 gratia
479 615 722 699 compleverunt
751 619 783 679 et
810 616 845 680 in
871 616 1017 703 integrae
1049 640 1152 703 paene

133 723 272 809 paginae
287 720 428 804 speciem
441 720 643 806 redegerunt.
662 720 803 786 Evolvas
817 721 986 804 quodlibet
1000 722 1153 788 volumen

134 828 332 893 collectionis
357 827 488 891 alterius
512 825 588 914 (vol.
603 824 764 914 VI-XI),
788 850 851 912 quo
875 828 1058 914 fragmenta
1077 852 1150 895 con-

132 936 305 1000 tineantur.
342 934 419 999 Mox
443 933 586 999 invenies
605 935 796 1020 fragmenta,
820 957 902 1019 quae
921 957 960 999 ex
980 934 1083 1001 altera
1101 937 1152 1002 vel

131 1064 170 1105 ex
202 1046 339 1126 utraque
370 1044 462 1124 parte
493 1040 632 1105 contrita
662 1045 771 1105 tamen
800 1041 945 1127 margine
976 1041 1085 1108 addito
1116 1043 1150 1108 in

131 1148 272 1233 speciem
309 1147 470 1233 quandam
506 1146 705 1232 integritatis
739 1147 850 1212 reficta
883 1152 966 1212 sunt.
1021 1149 1151 1236 Damas,

130 1277 263 1339 quaeso,
296 1276 377 1338 quae
411 1253 591 1339 marginem
624 1253 779 1319 efficiant:
812 1254 1030 1320 additamenta
1061 1262 1150 1321 sunt:

129 1361 224 1426 facile
243 1383 280 1425 aa
300 1360 426 1426 fissuris
445 1359 638 1444 quibusdam
657 1360 864 1446 internosces,
884 1360 1003 1454 quibus
1021 1360 1150 1448 Neapo-

129 1467 248 1534 litanos
272 1467 490 1532 additamenta
514 1489 571 1531 sua
595 1465 777 1553 significare
800 1466 940 1532 voluisse
959 1473 1049 1551 puts.
1087 1468 1149 1554 Op·

130 1575 209 1638 time
232 1576 294 1640 hoc
318 1597 420 1662 genus
444 1574 557 1640 edendi
581 1573 762 1639 illustratur
780 1571 856 1638 VH²
879 1574 933 1638 fol.
955 1577 1019 1641 170
1038 1575 1077 1640 fr.
1100 1578 1148 1658 11,

131 1683 181 1746 10.
213 1681 356 1747 Litterae
375 1681 513 1745 mediam
532 1682 686 1767 paginam
706 1680 863 1745 obtinent.
894 1680 1031 1767 Legitur
1049 1705 1078 1746 v.
1096 1684 1148 1748 10:

131 1789 328 1871 materiales,
356 1792 393 1852 ut
421 1787 493 1872 sub⁴
510 1786 621 1851 littera
645 1805 665 1853 σ
688 1791 844 1872 appareat
866 1786 998 1873 lineola,
1027 1788 1148 1853 scilicet

129 1894 260 1980 signum
282 1893 564 1979 interpunctionis,
588 1894 674 1978 quod
697 1894 790 1959 initio
810 1916 960 1960 versuum
979 1894 1147 1981 subiungi-

129 2005 190 2064 tur.
240 1999 520 2084 Deprehendimus
548 1999 650 2086 igitur
677 2001 831 2087 paginam
859 2000 1037 2086 sinistram,
1066 2023 1146 2086 quae

129 2108 234 2171 media
256 2107 428 2191 proposita
452 2105 543 2192 esa1)

195 2213 396 2301 Apographa
406 2212 602 2278 Oxoniensia
617 2215 658 2278 ab
668 2213 855 2279 hominibus
865 2214 996 2300 linguae
1007 2212 1144 2281 Graecae

128 2321 237 2387 insciis
266 2326 298 2386 et
327 2344 363 2386 eo
392 2326 539 2407 tempore
569 2321 728 2407 confecta,
757 2344 820 2406 quo
845 2320 1023 2406 integriora
1046 2321 1145 2386 fuisse

127 2428 277 2492 videntur
303 2429 480 2512 volumina,
507 2428 602 2493 modo
626 2428 806 2513 meliorem,
833 2428 929 2493 modo
954 2427 1145 2493 deteriorem

127 2539 254 2599 textum
274 2534 437 2620 exhibent,
456 2535 646 2619 plerumque
666 2539 774 2601 autem
793 2534 980 2619 pleniorem.
1004 2533 1143 2600 Versum

129 2641 283 2705 omissum
312 2663 381 2706 esse
407 2663 471 2706 uno
495 2645 623 2706 tantum
645 2641 715 2706 loco
740 2640 871 2706 memini
894 2641 930 2706 in
952 2641 1146 2727 ὑπομνημα-

128 2757 207 2836 acad
232 2747 290 2812 col„
309 2750 366 2833 40,
387 2748 477 2832 >quod
500 2747 534 2812 in
556 2748 590 2815 N
613 2748 742 2832 saepius
766 2748 890 2814 accidit.

202 3049 228 3116 1)
254 3046 335 3112 Quod
358 3047 415 3101 iam
434 3047 542 3104 Kemke
567 3051 596 3103 et
613 3048 758 3103 Hausrath
780 3047 810 3100 in
833 3046 914 3101 libris
935 3048 969 3103 de
989 3048 1100 3104 musica
1118 3052 1146 3104 et

127 3135 162 3188 de
181 3135 321 3204 poematis
341 3136 425 3191 editis
444 3138 615 3192 notaverunt
633 3136 753 3207 paginas
773 3136 927 3205 diremptas
948 3139 977 3191 et
990 3137 1064 3192 falso
1080 3155 1144 3195 con·

127 3224 289 3295 taminatus,
308 3225 338 3280 in
356 3225 459 3280 nostris
479 3242 590 3296 quoque
608 3225 689 3281 libris
709 3226 813 3281 accidit
834 3226 911 3282 velut
927 3226 1011 3280 initio
1031 3228 1101 3284 libri
1110 3230 1143 3298 V,

127 3313 201 3380 quod
221 3313 340 3383 singulis
359 3314 429 3369 locis
450 3314 593 3384 adscripsi.
