2362 3832
514 149 765 202 -XLII-

193 301 279 367 Nam
306 299 495 385 philosophi
522 299 574 364 vel
597 298 736 363 maxime
759 296 876 363 remoti
899 319 918 361 a
941 297 1067 364 forensi
1091 299 1146 365 sol-

126 406 293 472 licitudine
322 407 417 470 beate
444 405 551 470 vivere
579 409 729 490 possunt,
762 404 838 488 quia
866 426 939 469 cum
967 405 1051 490 otio,
1079 405 1146 489 fide,

128 515 254 579 iustitia
276 513 404 598 vivunt,
428 534 464 577 ac
488 512 516 577 si
540 534 620 595 quos
643 511 766 575 habent
789 510 950 595 inimicos,
974 533 1032 577 eos
1056 512 1147 577 bene-

126 621 209 685 ficiis
242 625 275 685 et
307 619 460 684 comitate
488 618 609 683 amicos
636 617 760 683 faciunt
787 617 844 704 (B,
867 620 920 701 27,
938 619 996 703 283
1031 616 1075 704 A,
1096 620 1146 702 123

126 728 163 812 B,
178 725 244 815 20).
278 725 361 792 Sunt
380 725 466 790 enim
484 725 649 790 utilissimi
668 725 817 790 societati
835 725 1005 811 humanae,
1026 725 1145 810 quippe

129 833 184 918 qui
220 833 332 919 legum
364 832 591 897 auctoritatem
623 833 813 897 confirment
847 836 880 896 et
912 832 1145 914 commendent,

127 939 239 1005 multis
263 939 417 1024 privatim
441 961 573 1023 operam
595 943 714 1003 navent
738 937 796 1025 (A,
817 937 867 1026 4),
895 937 990 1003 utilia
1015 961 1054 1004 ac
1077 938 1144 1004 sim-

127 1046 225 1131 plicia
253 1045 455 1130 praecipiant
484 1050 516 1110 et
545 1045 679 1110 doceant
707 1045 759 1133 (Β,
779 1049 812 1111 7:
845 1046 884 1110 cf.
903 1046 982 1110 fra
1007 1069 1041 1129 p.
1061 1043 1145 1131 226).

127 1153 212 1230 Quin
231 1152 330 1217 etiam
347 1153 457 1238 legum
475 1152 595 1217 latores
613 1152 745 1217 fuerunt
764 1152 933 1239 Lyeurgus
953 1155 986 1216 et
999 1151 1145 1218 Pittacus

126 1259 338 1324 Demostheni
364 1259 461 1345 longe
484 1259 685 1342 praeferendi
708 1258 760 1346 (Β,
784 1257 850 1347 14).
891 1258 1014 1323 Mirum
1038 1258 1145 1346 igitur,

126 1366 154 1430 si
179 1366 339 1431 Critolaus
362 1366 576 1450 philosophos
600 1388 618 1429 a
642 1366 806 1431 condenda
828 1388 863 1430 re
886 1365 1022 1449 publica
1047 1387 1145 1452 segre·

127 1474 249 1560 gendos
274 1477 382 1538 censet
405 1472 457 1560 (B,
477 1470 542 1558 13).

194 1581 278 1658 Quid
301 1581 387 1644 enim
410 1579 537 1644 felicius
560 1580 698 1666 cogitari
716 1582 826 1664 potest
845 1578 904 1644 tali
924 1578 1071 1664 civitate,
1093 1577 1145 1644 ubi

127 1686 398 1770 philosophorum
421 1690 595 1770 praecepta
618 1686 755 1771 valeant,
778 1685 837 1750 ubi
858 1707 899 1749 ne
917 1684 998 1749 victi
1019 1685 1145 1770 quidem

127 1791 352 1857 communibus
362 1791 541 1856 communis
552 1792 599 1856 rei
610 1792 760 1876 publicae
776 1791 951 1856 commodis
962 1791 1142 1875 priventur!

130 1899 221 1987 (pap.
233 1899 329 1983 1669,
341 1899 400 1963 eol.
410 1896 479 1985 IV).
502 1897 621 1962 Contra
636 1920 733 1983 quam
746 1898 863 1962 misera
876 1918 989 1962 eorum
1003 1899 1145 1964 condicio

128 2028 196 2070 esse
224 2005 319 2090 solet,
348 2005 404 2090 qui
432 2006 472 2069 ad
499 2027 567 2069 rem
594 2004 761 2088 publicam
788 2003 976 2068 accedentes
1002 2005 1047 2069 ab
1073 2005 1145 2091 ipsis

128 2113 265 2199 civibus,
299 2112 418 2197 quibus
449 2111 514 2176 cari
542 2133 610 2175 esse
638 2111 814 2194 debebant,
846 2109 961 2173 misere
991 2133 1144 2197 persaepe

126 2225 308 2285 mactentur
335 2217 526 2307 (lv-VH).
572 2217 699 2294 Quanto
724 2216 860 2301 denique
883 2215 1012 2281 felicius
1036 2219 1144 2284 vivunt

127 2327 314 2412 philosophi
351 2327 384 2390 in
422 2325 568 2411 qualibet
606 2324 749 2407 civitate,
786 2324 841 2407 qui
878 2345 947 2387 rem
980 2325 1145 2407 publicam

127 2435 257 2499 omnino
280 2456 347 2498 non
370 2431 597 2516 capessendam
620 2430 762 2495 iudicent
785 2427 900 2517 (VIII).

193 2540 275 2604 Mire
290 2540 354 2603 sibi
368 2540 514 2603 rhetores
527 2537 692 2602 vindicant
706 2540 743 2604 τὸ
757 2539 954 2620 πελαγίζειν,
973 2536 994 2602 i.
1006 2560 1032 2603 e.
1049 2541 1144 2605 abun-

128 2645 237 2710 dantia
274 2645 412 2729 quadam
447 2643 602 2710 sermonis
633 2648 800 2728 tamquam
832 2643 866 2706 in
898 2643 965 2707 alto
1000 2646 1081 2711 ferri
1113 2666 1144 2710 ac

127 2753 296 2837 fluctuare,
325 2752 416 2837 quasi
444 2751 551 2816 brevis
575 2754 607 2814 et
630 2751 784 2816 adstricta
807 2750 910 2815 oratio
935 2751 1070 2817 omnino
1095 2753 1145 2817 im·

128 2859 295 2943 probanda
318 2859 369 2923 vel
391 2857 611 2945 interrogandi
634 2858 912 2942 respondendique
936 2856 1083 2923 ratio-
1104 2859 1144 2924 in·

127 2971 260 3032 ventum
292 2966 563 3051 philosophorum
595 2965 699 3051 magis
732 2987 829 3050 quam
861 2966 1031 3031 rhetorum
1048 2963 1102 3015 “—
1130 2987 1144 3029 a

126 3074 287 3139 rhetorica
311 3074 441 3138 omnino
465 3072 662 3158 seiungenda
685 3071 728 3136 sit
751 3070 942 3159 (IX—XII).

196 3181 276 3246 Cum
308 3179 507 3245 adversarius
538 3178 765 3262 philosophiae
798 3177 941 3243 studium
972 3200 1048 3244 cum
1075 3201 1144 3267 geo-

128 3287 243 3352 metria
280 3307 481 3371 comparasse
518 3285 681 3370 videatur,
722 3308 819 3369 quam
855 3289 949 3349 vocat
986 3285 1142 3370 inutilem,

127 3393 336 3458 Philodemus
363 3392 542 3457 rhetoricae
570 3392 680 3476 potius
703 3414 776 3456 cum
799 3392 855 3455 illa
878 3391 1080 3459 intercedere
1103 3393 1142 3458 al·

109 3499 276 3564 finitatem
319 3504 351 3565 et
389 3499 644 3568 similitudinem
675 3498 797 3563 evincit
827 3497 1076 3584 lxm-ml·
1105 3536 1141 3546 α
