2362 3832
422 175 463 181 —
510 147 628 200 XXXIX
674 176 716 183 -

57 292 232 382 πίστεων),
260 294 466 379 peroratione
494 298 713 383 proferantur,
744 320 780 361 ea
807 320 848 362 ne
876 321 895 362 a
923 299 1080 382 sophistis

56 403 198 488 quidem,
222 403 277 487 qui
301 402 440 487 sapiant,
463 402 642 467 rhetoricae
665 403 830 490 vindicari,
854 407 886 468 et
910 404 973 468 alia
997 406 1078 470 alios

56 511 94 574 in
107 509 278 576 scribendo
293 509 433 574 artifices
445 509 621 594 partitione
637 511 686 575 uti
696 508 793 599 (XX2,
803 509 1003 596 lr-XXffl,
1013 511 1079 598 16).

56 615 95 682 Id
123 637 251 700 quoque
279 619 467 703 arroganter
495 616 536 680 ab
565 615 630 681 illis
658 616 737 701 poni
766 616 857 703 dicit,
884 618 1079 683 rhetoricam

57 722 283 808 quodcumque
303 723 341 787 de
361 723 499 809 singulis
517 722 718 809 singularum
733 724 851 789 artium
865 723 1079 808 problematis

57 829 218 914 disputari
242 830 356 916 possit,
379 830 514 895 tradere.
552 828 644 907 Quod
662 830 709 895 ita
728 835 865 896 coercet:
888 854 954 897 non
973 830 1079 896 solum

56 937 97 1001 de
126 936 274 1021 quolibet
301 937 472 1021 proposito
501 937 664 1020 sophistas
690 937 818 1023 singula
841 937 956 1003 melius
981 960 1078 1022 quam

54 1043 139 1109 alios
163 1043 303 1108 artifices
326 1066 393 1109 non
415 1043 604 1109 inventuros
627 1066 708 1130 esse,
737 1045 793 1109 sed
815 1068 856 1110 ne
880 1045 918 1109 de
942 1045 1077 1129 politico

56 1149 202 1234 quidem,
232 1149 317 1233 quod
345 1150 484 1215 maxime
512 1149 561 1215 illi
589 1151 792 1234 profitentur.
837 1151 952 1216 Restat
975 1151 1079 1237 igitur

54 1255 230 1322 ridiculum
253 1256 334 1320 illud
357 1257 555 1321 rhetoricum
574 1258 612 1321 de
632 1257 801 1323 rhetoricis
821 1280 903 1342 quae
922 1258 985 1322 dici
1004 1280 1077 1343 pos-

55 1363 133 1450 sint,
156 1363 363 1428 inventurum
383 1363 490 1428 omnia
510 1361 637 1451 (XXllff,
658 1363 857 1449 lo-Xxxa,
879 1362 943 1451 19).
981 1364 1078 1428 Deni-

55 1492 121 1555 que
144 1468 509 1554 XXX³,19-XLH³,4
532 1493 651 1556 genera
675 1470 800 1534 dicendi
823 1469 981 1554 iudiciale,
1005 1492 1077 1533 con-

54 1575 188 1661 tionale,
205 1575 406 1641 laudativum
424 1580 643 1641 recensentur:
667 1579 824 1640 tractatur
843 1579 952 1639 tamen
970 1575 1077 1639 lauda-

53 1683 162 1748 tivum
194 1687 321 1747 tantum
354 1682 420 1746 illis
447 1682 482 1746 in
509 1682 596 1746 aliud
623 1687 753 1766 tempus
781 1681 897 1747 dilatis.
946 1680 985 1746 ln
1013 1705 1076 1766 quo

54 1789 208 1854 similiter
225 1793 323 1876 atque
342 1789 377 1853 in
395 1789 660 1854 antecedentibus
679 1789 845 1854 rhetorum
859 1788 1077 1875 arrogantiam

55 1894 205 1982 castigat,
230 1895 285 1981 qui
309 1918 438 1960 omnem
460 1895 611 1960 laudandi
635 1900 667 1960 et
690 1894 895 1978 vituperandi
918 1894 1077 1959 rationem

54 2002 177 2086 poetis,
201 2001 407 2086 philosophis
430 2001 565 2086 aliisque
590 2006 781 2087 extorquere
805 2001 967 2087 studeant,
991 2001 1077 2066 illos-

56 2130 121 2192 que
149 2108 184 2172 in
211 2113 387 2194 angustum
415 2113 580 2192 tamquam
608 2131 726 2194 gyrum
754 2106 934 2192 compellit,
963 2108 1013 2172 aa
1036 2109 1076 2172 τὰ

55 2224 194 2281 τοιαῦτα
218 2214 363 2299 ἐγκώμια
382 2213 492 2298 λέγειν
510 2213 566 2279 καὶ
584 2215 726 2301 γράφειν
745 2216 889 2297 οἴδασιν,
912 2205 967 2277 οἷα
984 2235 1075 2296 περι-

54 2320 203 2408 φέρεται,
227 2320 317 2386 euius
341 2320 469 2407 generis
493 2325 568 2385 sunt
585 2319 751 2385 Busirides
774 2319 822 2382 illi
841 2318 892 2383 vel
910 2318 980 2383 laus
999 2319 1076 2383 salis

54 2427 109 2492 vel
133 2427 259 2493 similia.

124 2533 208 2599 Ecce
231 2534 295 2598 tibi
318 2535 416 2599 series
440 2538 472 2598 et
496 2556 687 2620 progressus
710 2532 812 2599 totius
835 2532 939 2597 adhuc
958 2533 1074 2617 operis.

54 2642 235 2726 Postquam
253 2640 339 2706 libro
358 2641 464 2725 primo
479 2640 677 2705 adversarios
691 2639 910 2724 perlustravit,
930 2661 1075 2724 quaeque

55 2769 177 2834 genera
204 2746 376 2831 pravitatis
404 2752 436 2813 et
464 2746 686 2832 perversitatis
709 2746 848 2811 maxime
872 2749 1075 2810 occurrerent

56 2853 210 2937 exposuit
233 2854 382 2938 viamque
405 2853 551 2939 munivit,
575 2854 615 2917 ad
633 2853 762 2939 singula
780 2873 971 2938 progressus
989 2851 1075 2916 libro

56 2960 160 3025 altero
189 2960 295 3045 docet,
323 2960 401 3044 quid
429 2960 467 3024 de
492 2960 670 3024 rhetoricae
694 2959 844 3043 partibus
868 2959 1075 3023 statuendum

55 3067 110 3151 sit,
134 3065 212 3150 quid
235 3067 276 3130 ab
302 3065 382 3150 aliis,
406 3066 484 3150 quid
502 3067 543 3130 ab
563 3065 734 3149 Epicureis
758 3065 796 3129 de
820 3064 889 3129 eius
911 3064 943 3128 vi
967 3086 1003 3129 ac
1022 3087 1075 3129 na-

55 3179 131 3238 tura
159 3172 361 3256 disputatum
387 3173 438 3238 sit.
482 3173 529 3238 Ut
553 3177 662 3236 autem
685 3171 896 3256 sophisticam
918 3174 987 3235 arte
1010 3194 1077 3237 non

55 3302 165 3345 carere
194 3279 348 3365 ostendit,
376 3280 423 3344 ita
448 3279 615 3360 politicam
637 3277 727 3342 nulla
750 3281 819 3342 arte
842 3276 999 3342 contineri
1024 3301 1076 3343 ex-

56 3387 161 3472 ponit,
179 3408 238 3451 nec
257 3387 350 3470 peius
369 3409 387 3450 a
403 3385 613 3472 grammatico
628 3383 833 3468 maximeque
846 3405 868 3446 a
878 3382 1087 3468 philossqhxs

56 3515 153 3575 quam
168 3492 346 3575 asophista
361 3515 432 3560 eam
448 3493 533 3560 tradi
548 3517 650 3582 posse
661 3485 1128 3575 lihrotertiopersequhsn-
