2362 3832
497 122 726 176 ..XX-

105 295 242 358 quorum
265 272 328 338 alia
351 271 524 358 perspicua
547 276 636 355 sunt,
663 271 813 356 aliaque
837 271 1038 358 pertineant,
1062 295 1126 338 non
1169 264 1171 281 ²

106 384 252 467 apparet.
297 379 471 444 Manifesto
499 379 560 444 sub
586 379 684 443 finem
706 377 784 443 libri
807 376 904 462 primi
928 376 1127 465 (p.12,18)

106 509 144 552 ea
166 510 242 572 pars
264 485 342 550 libri
365 485 499 550 alterius
522 484 729 570 describitur,
755 506 818 568 qua
840 484 985 568 Epicuri,
1007 483 1127 551 Metro·

106 593 185 678 dori,
207 591 399 657 Hermarchi
422 590 609 657 testimonia
633 591 811 656 afferuntur
835 622 877 644 =
901 614 932 676 p.
952 592 1006 676 69,
1024 594 1127 676 2sqq.

106 700 199 777 Quod
218 703 327 764 autem
345 693 469 782 profert
488 721 520 782 p.
537 699 587 782 12,
602 698 711 763 9-18
726 709 798 775 τοῖς
812 695 842 762 θ’
859 694 1032 783 ἡμετέροις
1046 703 1128 782 κτλ,

106 810 218 891 aperte
256 804 399 890 pertinet
435 803 476 870 ad
509 802 633 869 Bromii
666 803 831 869 cuiusdam
864 803 1018 887 Epicurei
1051 802 1128 889 περὶ

107 923 234 999 τεχνῶν
257 911 457 995 aliorumque
476 910 713 994 Epicureorum
734 909 845 976 libros.
882 908 929 976 Ut
947 913 1058 975 autem
1077 911 1128 975 his

108 1020 189 1084 locis
212 1017 351 1084 secunda
374 1039 450 1101 pars
472 1016 550 1082 libri
574 1016 707 1081 alterius
730 1015 913 1102 attingitur,
936 1017 982 1083 sic
1006 1039 1038 1100 p.
1061 1019 1126 1101 1,1

108 1131 141 1190 et
165 1150 196 1210 p.
217 1128 268 1209 11,
287 1128 387 1209 3sqq.
411 1124 446 1188 in
468 1123 607 1208 primam
631 1123 773 1188 eiusdem
796 1121 874 1187 libri
893 1126 1021 1206 partem
1039 1122 1129 1188 reici-

108 1253 190 1315 mur,
213 1253 287 1297 cum
310 1230 408 1296 dicat:
430 1233 514 1316 πρὸς
536 1231 594 1307 τὰς
615 1231 698 1295 κατὰ
721 1227 820 1316 μέρος
839 1232 949 1313 λόγων
974 1227 1057 1317 (scil.
1078 1230 1129 1294 ad·

108 1336 337 1427 versariorum)
362 1337 523 1414 ὃιακοπὰς
547 1335 867 1420 ἐπιμνησθησόμεθα
890 1338 923 1399 et
947 1334 1004 1400 ε’πί
1018 1358 1054 1402 τε
1074 1345 1131 1420 τῆς

110 1448 271 1530 διακοπῆς
298 1454 366 1511 τῶν
388 1444 470 1509 κατὰ
493 1440 593 1530 μέρος
615 1444 726 1526 λόγων
750 1444 823 1507 ἔνια
846 1451 914 1507 τῶν
935 1451 1001 1508 νῦν
1024 1463 1130 1529 παρα-

110 1554 333 1639 λελειμμένων
362 1550 578 1635 ἐπισημασίας
606 1547 836 1632 ἀξιωθήσεται.
883 1546 930 1614 Of.
953 1571 985 1632 p.
1004 1551 1063 1634 31,
1088 1552 1129 1616 33

111 1662 205 1744 χρεία
222 1661 306 1745 πρὸς
324 1658 425 1734 αὐτοῖς
443 1654 473 1738 γ’
493 1654 621 1722 ἐπιέναι
639 1657 697 1732 τὰς
714 1665 782 1720 τῶν
799 1656 882 1720 κατὰ
900 1651 1000 1741 μέρος
1019 1659 1130 1740 λόγων

112 1765 280 1841 θιααοπάς.
297 1800 336 1811 -
352 1762 399 1828 Ut
422 1767 531 1827 autem
553 1762 588 1826 in
606 1763 670 1826 fine
688 1761 767 1826 libri
785 1760 884 1846 primi
902 1767 1131 1847 argumentum

114 1870 244 1936 secundi
275 1867 483 1954 proponitur,
514 1869 560 1934 sic
589 1869 623 1933 in
650 1868 713 1933 fine
742 1867 875 1934 alterius
902 1872 1131 1955 argumentum

111 1977 200 2042 tertii
223 1976 301 2041 libri
325 1975 504 2041 delineatur
526 1998 558 2059 p.
581 1977 653 2058 135,
670 1977 724 2060 40,
746 1975 785 2039 dc
809 1996 872 2059 quo
897 1974 1009 2040 statim
1032 1977 1131 2040 verba

112 2082 258 2148 facienda
286 2086 362 2147 sunt
385 2081 496 2147 fusius.
542 2080 612 2148 Nec
635 2081 729 2146 aliter
751 2104 783 2165 p.
807 2083 886 2165 223,
912 2084 1089 2166 19-224,
1111 2083 1131 2145 4

113 2193 340 2277 argumentum
362 2188 439 2253 libri
463 2188 569 2272 quinti
592 2188 777 2254 adumbrari
801 2187 929 2272 credidi,
952 2209 1026 2253 cum
1051 2209 1131 2273 quae

114 2302 293 2382 sequuntur
311 2296 350 2361 de
365 2294 486 2382 Gorgia
499 2295 645 2361 Platonis
659 2318 691 2379 p.
706 2297 782 2379 224,
796 2295 896 2379 5sqq.
916 2294 957 2358 ad
975 2317 1052 2379 pap.
1068 2296 1129 2360 221

114 2404 277 2486 pertinere
295 2401 468 2468 verisimile
488 2400 531 2466 sit
546 2399 689 2467 =Vffl²
708 2401 963 2469 101134-137.
994 2401 1133 2487 Reliqua

114 2508 217 2573 adhuc
241 2508 398 2573 indubio
421 2506 602 2591 relinquere
626 2506 734 2590 malui,
759 2507 828 2572 dico
853 2530 884 2591 p.
904 2508 957 2591 67,
977 2509 1034 2593 24,
1059 2511 1132 2592 211,

116 2615 173 2698 203
196 2616 276 2700 212,
298 2616 333 2698 43
357 2615 436 2696 214,
459 2614 515 2697 2Ο;
539 2614 617 2697 222,
641 2615 739 2697 θεηη.

390 2854 440 2908 De
463 2855 677 2934 argumento,
689 2852 768 2909 libri
790 2851 817 2911 1.
826 2840 851 2928 ¹)

184 2983 440 3057 Consentaneum
464 2987 513 3048 est
531 2983 756 3049 Philodamum
780 2985 819 3048 de
841 2989 957 3049 natura
980 3007 1017 3050 ac
1037 2987 1135 3070 parti·

116 3093 179 3156 bus
206 3090 384 3156 rhetoricae
410 3090 651 3176 disputaturum
675 3091 713 3155 de
737 3090 938 3176 singularum
961 3091 1082 3158 artium
1104 3093 1135 3158 ri

190 3304 215 3368 1)
235 3300 402 3358 Accuratius
421 3303 452 3357 et
468 3316 559 3372 paene
578 3301 615 3355 ad
633 3302 749 3356 verbum
767 3301 820 3355 has
833 3316 939 3370 paucas
953 3302 1074 3370 paginas
1090 3320 1135 3358 ex-

117 3388 220 3460 pressi,
244 3389 347 3460 utqui
370 3391 461 3462 primo
484 3389 588 3445 librum
606 3389 761 3459 evolveret,
785 3406 841 3458 quo
859 3389 997 3446 niteretur
1015 3391 1136 3448 haberet

116 3495 186 3535 neve
206 3479 343 3536 sermonis
362 3478 531 3539 difficultate
551 3495 569 3532 a
586 3476 684 3535 limine
703 3477 860 3550 depelleret
895 3523 901 3536 .
