2362 3832
518 157 671 211 —XIV
719 187 760 193 —

131 312 287 393 quantum
307 307 436 392 quidem
451 306 584 371 iudicari
599 310 718 390 potest,
737 306 844 370 omnia
858 307 910 371 vel
924 329 1026 391 paene
1042 310 1152 374 611116

129 415 293 479 volumina
316 437 335 478 a
358 418 536 478 correctore
556 414 724 478 emendata
743 418 827 497 sunt,
851 436 997 499 quaeque
1017 415 1151 481 deerant

130 520 279 608 addita.¹)
315 519 428 606 Itaque
452 520 628 586 cauendum
652 525 709 604 est,
732 542 773 584 16
796 542 878 605 quae
902 521 975 605 quis
998 522 1033 586 in
1056 527 1151 587 textu

130 626 257 693 restitui
291 650 387 712 posse
415 627 577 711 desperet,
609 649 646 691 66
673 627 818 692 addendo
845 628 897 692 vel
926 628 1081 694 demendo
1111 631 1151 694 ad

130 757 221 799 suam
249 734 435 819 opinionem
464 738 646 818 componat.
692 733 755 799 Sed
777 735 812 798 in
835 756 872 799 eo
896 734 995 819 libre,
1024 737 1080 820 qui
1104 737 1149 800 11-

131 840 272 924 scriptus
296 845 345 906 661
368 839 444 925 περὶ
467 841 642 927 ῥητορικῆς
664 841 952 926 ὑπομνηματικόν,
980 842 1052 926 ipse
1075 843 1148 907 Phi·

130 948 276 1012 lodemus
299 948 454 1013 nonnulla
477 947 654 1012 correxisse
677 948 811 1012 videtur.
858 946 1040 1031 Supersunt
1064 949 1150 1013 enim

131 1055 194 1120 duo
218 1056 315 1120 huius
337 1055 414 1120 libri
439 1055 648 1139 exemplaria,
679 1077 753 1138 pap.
779 1056 865 1120 1426
889 1055 1083 1140 paginarum
1109 1057 1148 1120 16

133 1167 165 1225 61
189 1184 263 1246 pap.
286 1163 371 1228 1506
399 1162 592 1248 paginarum
615 1161 667 1228 58.
714 1160 784 1225 Illic
807 1184 839 1245 p.
858 1159 949 1245 VIII,
973 1164 1014 1227 27
1045 1164 1149 1246 φανή-

131 1284 233 1351 σεται,
252 1266 323 1352 ΧΠ,
338 1270 378 1333 27
395 1269 603 1353 ὃιατριβιαὸν
617 1271 754 1350 exstant,
773 1288 846 1331 cum
861 1265 896 1330 in
910 1267 1013 1331 altera
1028 1267 1149 1355 (priore

132 1371 229 1460 puto)
257 1374 441 1439 recensione
469 1385 622 1460 φανεῖται
650 1380 682 1438 61
711 1377 927 1459 σχολαστικὸν
956 1373 1148 1438 exstiterint.

130 1481 254 1567 Pagina
282 1481 482 1565 paenultima
510 1481 607 1545 etiam
635 1485 761 1545 textum
791 1480 921 1544 omnino
949 1479 1149 1546 differentem

133 1588 415 1673 deprehendimus,
453 1588 539 1673 quod
576 1587 611 1651 in
646 1591 805 1671 apparatu
839 1586 950 1652 critico
984 1586 1149 1671 adscripsi.

132 1694 168 1758 P.
183 1693 268 1780 XIV,
288 1696 387 1779 dsqq.
406 1694 539 1780 legitur:
563 1696 599 1759 rb
623 1695 686 1781 γὰρ
705 1696 815 1777 »καθὸ
835 1693 967 1777 deiru&
987 1693 1148 1760 66611116

132 1825 163 1865 τι
187 1801 388 1884 λαμβάνεται
410 1809 475 1866 νῦν
498 1799 518 1883 ἢ
542 1802 579 1864 τὸ
603 1797 769 1889 ἐντούτῳ
794 1800 904 1886 ῥήτωρ
929 1797 999 1864 ἐστὶ
1023 1804 1083 1864 616.
1107 1836 1149 1847 -

130 1905 243 1970 Altera
266 1906 408 1970 recensio
432 1906 494 1970 hoc
516 1905 630 1969 habet:
653 1908 690 1971 τὸ
714 1907 777 1992 γὰρ
800 1909 910 1990 „autb
930 1906 1064 1993 ῥήτωρ(ς
1089 1906 1148 1972 οὐκ

131 2015 212 2079 ἄλλο
236 2033 267 2077 τι
291 2013 493 2097 λαμβάνεται
515 2020 632 2078 τοῦτο
652 2022 715 2077 νῦν
734 2014 792 2075 616.
829 2011 901 2076 Η66
919 2023 1019 2079 τοῦτο
1037 2018 1148 2077 16161-

133 2119 209 2183 dum
233 2123 294 2183 est:
319 2122 368 2183 est
392 2118 478 2182 enim
499 2118 710 2204 neglegenter
734 2122 766 2181 et
786 2119 1058 2203 ὑπομνηματιαὸν
1078 2140 1148 2183 661·

131 2225 312 2310 scribentis,
331 2225 418 2309 quod
437 2229 552 2309 postea
567 2225 706 2308 scriptor
719 2229 847 2288 textum
862 2225 966 2289 denuo
981 2246 1148 2289 recensens

130 2330 275 2397 16666111.
313 2330 384 2398 Nec
407 2354 483 2396 uero
508 2335 712 2414 contemptor
736 2330 914 2417 elegantiae
933 2330 1149 2416 philosophus

132 2442 164 2502 et
187 2442 284 2521 poeta
306 2438 369 2502 fuit
387 2437 605 2522 Philodemus,
629 2438 715 2522 quod
733 2437 785 2501 vel
802 2438 876 2501 inde
896 2437 1040 2524 colligas,
1064 2436 1149 2523 quod

131 2543 257 2607 hiatum
290 2542 522 2609 consuetudine
554 2543 642 2608 illius
676 2543 791 2608 aetatis
824 2543 851 2607 si
884 2544 991 2608 minus
1018 2544 1149 2610 6111116

131 2649 254 2733 vitavit,
277 2654 310 2714 61
335 2653 420 2713 certe
444 2671 515 2714 1616
539 2648 677 2734 admisit,
701 2671 797 2734 quam
821 2672 880 2737 ego
905 2651 939 2716 in
963 2650 1149 2716 coniciendo

131 2777 277 2821 normam
304 2756 441 2820 fortasse
468 2755 565 2820 nimis
593 2779 690 2841 saepe
716 2756 855 2842 neglexi.
879 2757 1079 2840 —Duplex
1104 2779 1149 2822 re·

133 2862 239 2927 censio
265 2861 363 2926 etiam
385 2861 463 2926 libri
487 2863 617 2927 secundi
641 2863 740 2928 fuisse
764 2862 904 2947 videtur,
928 2863 966 2926 de
991 2885 1055 2947 qua
1079 2886 1150 2930 661·

132 2971 229 3053 16166,
258 2968 345 3051 quod
367 2991 398 3052 p.
419 2970 475 3054 28,
499 2971 644 3053 32-34,
672 2993 703 3053 p.
722 2972 779 3053 44,
803 2971 860 3054 26,
883 2993 914 3053 p.
934 2972 986 3054 24,
1008 2972 1031 3034 4
1056 2971 1150 3036 adno-

132 3080 237 3140 tatum
261 3079 318 3140 661.

209 3324 235 3392 1)
258 3321 306 3376 Β16
332 3339 401 3377 1666
424 3321 499 3376 advo
519 3321 694 3392 significatur
713 3320 822 3391 aliquid
841 3321 892 3376 sub
910 3322 991 3376 textu
1011 3322 1093 3394 addi,
1117 3322 1149 3379 cf.

130 3428 159 3478 p.
176 3415 192 3463 9
213 3412 242 3465 61
260 3410 313 3466 XI’
330 3410 379 3466 fol.
396 3417 460 3481 114,
479 3411 552 3466 116.
