2376 3846
412 175 451 182 —
499 146 632 201 XXXVII
679 175 720 183 —-

339 395 389 449 Do
412 396 613 462 argumento
636 394 716 453 libri
737 395 794 451 IV.

121 525 186 592 Hic
211 524 297 590 liber
319 524 353 588 in
377 523 455 590 duas
478 531 588 610 partes
612 525 733 592 divisus
757 530 813 591 est.
859 526 982 592 Prioris
1009 549 1080 612 par-

54 633 98 698 tis
123 634 166 699 19
190 631 337 718 pagellas
359 631 527 719 habemus,
550 654 623 698 cum
647 632 777 698 omnino
804 634 865 698 147
890 633 943 699 vel
965 634 1076 718 paullo

54 738 167 824 plures
177 737 307 804 fuerint.
325 737 488 804 Numeros
503 737 589 804 enim
603 738 677 804 inde
691 741 733 804 ab
748 743 861 804 octava
872 740 993 827 pagina
1005 742 1079 807 sub-

54 845 197 930 scriptos
215 844 363 932 legimus.
392 842 537 911 Alterius
556 845 660 930 partis
677 848 719 912 68
738 845 877 933 paginae
897 853 1079 931 supersunt.

121 951 162 1016 In
194 951 325 1038 paginis
357 956 466 1016 autem
496 953 678 1019 129-147
708 984 751 1005 =
780 952 834 1018 fol.
866 953 1079 1046 1-19Ιπερὶ

56 1058 177 1138 λέξεως
209 1057 326 1144 agitur.
379 1057 417 1122 In
450 1080 513 1142 quo
547 1058 677 1123 difficile
710 1063 760 1124 est
793 1059 979 1144 diiudicare,
1013 1082 1076 1144 quo

54 1165 153 1231 modo
186 1187 219 1249 p.
248 1166 334 1230 1-3
367 1164 408 1229 ad
436 1163 634 1230 locutionem
664 1164 857 1249 pertineant.
907 1166 1077 1252 Rhetores

53 1271 178 1357 inquit,
211 1270 453 1357 philosophiam
485 1270 549 1336 sibi
576 1271 741 1336 vindicant
768 1294 834 1337 non
861 1276 929 1337 tam
958 1277 1079 1337 certam

54 1383 179 1445 sectam
204 1399 300 1462 quam
323 1377 506 1443 universam
529 1378 619 1442 illam
642 1378 885 1462 philosophiam
908 1378 1080 1462 respicien-

54 1491 115 1571 tes,
135 1485 221 1551 siout
239 1482 397 1550 Isocrates
416 1484 642 1569 philosophari
661 1484 726 1550 sibi
744 1484 832 1549 visus
852 1488 901 1549 est
920 1483 980 1573 (2).
1010 1483 1081 1550 Nec

54 1598 168 1658 tamen
196 1591 235 1655 de
262 1591 303 1656 iis
331 1591 512 1676 disputant,
541 1613 623 1676 quae
651 1613 725 1655 vero
749 1591 843 1655 utilia
865 1594 955 1676 sunt,
983 1612 1081 1674 quam

54 1704 186 1784 partem
218 1697 385 1782 propriam
418 1720 487 1763 csse
519 1697 747 1782 philosophiae
778 1702 917 1784 constat,
951 1698 1007 1762 sed
1033 1697 1081 1762 ita

55 1807 230 1871 versantur
247 1803 282 1868 in
297 1803 513 1889 contionibus,
531 1808 569 1869 ut
583 1826 664 1888 quae
680 1804 779 1891 vulgo
793 1804 887 1869 utilia
901 1805 1080 1888 videantur,

55 1911 227 1996 arripiant.
282 1909 375 1987 Quod
408 1915 622 1996 ψυχαγωγίας
654 1915 718 1996 est,
754 1911 845 1976 ouius
876 1911 1006 1975 nomine
1039 1909 1080 1974 ad

55 2018 213 2104 pulchras
241 2016 314 2081 illas
338 2038 432 2081 voces
456 2020 489 2080 et
512 2016 658 2101 speciosa
681 2017 839 2082 sermonis
862 2017 999 2082 artificia
1022 2016 1081 2081 rei·

55 2125 169 2190 cimur.
204 2121 324 2187 Contra
342 2121 552 2188 Philodemus
570 2123 677 2207 ipsam
696 2123 866 2207 pulchram
883 2123 1082 2187 locutionem

55 2229 331 2317 philosophorum
369 2249 437 2293 esse
474 2227 566 2313 dicit,
604 2250 732 2312 quoque
765 2229 902 2312 propius
935 2229 1008 2311 quis
1040 2229 1081 2291 ad

54 2341 181 2403 rectam
204 2334 447 2419 philosophiam
470 2334 490 2398 i.
510 2357 536 2398 e.
556 2333 752 2418 Epicuream
776 2334 914 2419 accedat,
939 2357 976 2399 eo
995 2333 1081 2398 locu-

55 2451 170 2511 turum
198 2440 363 2525 disertius,
390 2440 418 2505 si
446 2440 577 2525 quidem
602 2439 786 2524 proprietas
810 2444 842 2504 et
865 2441 1082 2525 perspicuitas
1161 2475 1164 2479 ·

55 2548 217 2617 sermonis
241 2548 347 2632 prima
368 2546 440 2613 laus
459 2569 528 2612 esse
548 2547 664 2612 debeat
682 2544 743 2635 (4).
780 2550 935 2632 Μίμησιν
953 2570 1028 2614 vero
1049 2553 1082 2613 et

56 2660 211 2743 ὁμοίωμα
237 2676 304 2719 non
332 2676 401 2718 esse
426 2653 581 2718 virtutem
604 2653 760 2719 sermonis
783 2675 842 2718 nec
865 2655 1015 2739 usurpari
1038 2656 1081 2718 ab

56 2762 187 2848 optimo
212 2783 340 2846 quoque
364 2764 491 2825 oratore
511 2757 555 2846 (5,
570 2757 615 2847 6).
649 2759 793 2844 Cumque
811 2760 968 2825 naturalis
988 2782 1081 2844 quae-

57 2871 134 2935 dam
157 2867 280 2933 locutio
304 2866 433 2952 existat,
455 2889 521 2931 non
545 2888 628 2950 opus
651 2871 700 2931 cst
724 2866 896 2931 artificiosa
915 2866 976 2955 (7),
1000 2887 1081 2950 quae

56 2999 99 3043 ne
123 2976 160 3040 in
179 2997 244 3040 uno
265 2974 399 3059 quidem·
413 2978 544 3039 auctore
562 2973 681 3038 nedum
699 2972 734 3037 in
752 2977 844 3038 tanto
863 2994 997 3037 numero
1017 2971 1082 3035 sibi

57 3085 188 3149 constat
212 3081 257 3167 (8,
276 3077 322 3167 9).
358 3079 472 3164 laque
496 3080 699 3166 grammatici
723 3084 755 3144 et
778 3077 968 3163 philosophi
991 3098 1082 3160 prae-

58 3195 156 3275 cepta
184 3188 242 3252 illa
269 3187 411 3252 ridentes
436 3187 539 3252 multo
563 3185 678 3251 melius
702 3185 859 3270 sophistis
882 3183 1083 3266 scripserunt

56 3293 142 3384 (10).
194 3293 262 3359 Sub
295 3295 393 3358 finem
424 3294 521 3358 huius
554 3292 657 3378 partis
687 3293 725 3357 de
754 3291 874 3357 Graeca
901 3289 1082 3354 elocutione

57 3404 160 3468 verba
183 3402 263 3467 facit
286 3399 342 3489 (11
355 3398 448 3488 sqq).
495 3399 669 3487 Sophistae
693 3398 783 3466 enim
803 3394 972 3484 plurimos
990 3394 1099 3458 schoc-

56 3510 173 3572 oismos
199 3512 234 3570 et
257 3507 479 3577 barbarismos
503 3511 727 3582 admiserunt.
771 3508 855 3580 hleo
874 3527 969 3593 punc
992 3492 1128 3564 ussus
