2362 3832
520 133 564 141 —
608 106 674 160 XVI
719 133 763 143 —

200 254 319 319 Contra
344 255 443 320 alium
466 255 601 339 librum,
630 256 721 321 cuius
744 255 860 321 titulus
885 257 1078 342 deperditus
1100 264 1144 343 001,

133 384 172 426 ex
195 363 257 427 hoc
280 361 400 426 maiore
418 361 600 427 Philodemi
624 362 662 426 de
686 362 846 427 rhetorica
865 385 966 449 opere
986 372 1144 452 sumptum

133 492 201 534 esse
218 473 309 553 puto,
328 490 402 552 pap.
420 470 505 533 1004
520 499 563 521 =
577 465 638 532 ΠΡ
652 469 706 533 fol.
723 470 907 535 110-209.
938 469 1035 547 Quod
1050 495 1146 557 quam·

132 597 229 660 quam
248 575 460 639 demonstrari
478 597 544 640 non
563 579 682 659 potest,
701 596 760 659 per
778 597 812 639 se
832 575 942 659 ipsum
961 579 1033 644 veri
1053 579 1147 644 simile

133 687 190 767 est,
208 682 272 747 nisi
293 682 377 746 forte
396 681 484 745 aliud
501 682 668 765 probatur.
700 681 782 745 Mihi
798 681 929 766 quidem
944 688 978 748 01
993 684 1148 750 scribendi

133 794 165 853 et
193 788 439 875 argumentandi
467 787 549 852 ratio
578 792 648 852 tota
671 788 852 852 Philodemi
881 811 951 855 esse
975 791 1148 856 videbatur.

200 896 251 961 Ne
275 896 457 981 fragmenta
480 893 610 978 quidem
634 899 770 980 excepto
794 917 859 960 uno
883 896 994 962 omnia
1013 897 1149 982 recipere

134 1025 170 1066 ac
188 1001 350 1066 vindicare
364 1000 553 1065 Philodemo
574 999 728 1066 dubitavi.
761 1000 847 1068 Nam
864 1023 916 1066 me
935 1000 1043 1068 iudice
1058 1003 1149 1072 mani-

134 1109 254 1172 festum
274 1111 323 1172 est
341 1129 400 1171 nos
419 1107 653 1172 bibliothecam
671 1107 723 1172 vel
742 1107 852 1191 potius
867 1107 1023 1193 reliquias
1039 1109 1149 1175 biblio-

135 1214 247 1278 thecae
266 1213 448 1277 Philodemi
467 1214 595 1278 habere.
627 1213 791 1278 Plurimae
810 1214 929 1298 papyri
947 1236 1071 1282 nomen
1089 1216 1150 1284 eius

135 1343 212 1406 prae
241 1342 275 1385 se
298 1320 414 1383 ferunt.
460 1319 564 1383 Multa
588 1320 640 1384 bis
664 1324 789 1384 servata
813 1322 901 1403 sunt,
930 1321 1035 1388 multa
1059 1323 1150 1408 pluri·

135 1429 197 1493 bus
234 1426 332 1492 etiam
370 1426 617 1511 exemplaribus.
667 1426 768 1491 Velut
805 1426 882 1490 libri
914 1427 1064 1514 alteriue,
1102 1428 1149 1514 qui

136 1536 263 1600 duobus
297 1534 457 1599 continuis
491 1533 732 1618 exemplaribus
764 1533 902 1598 traditus
934 1538 997 1620 est,
1031 1541 1149 1620 septem

137 1641 202 1722 (vel
220 1639 352 1725 novem)
375 1645 543 1723 praeterea
566 1642 822 1726 fragmentorum
845 1641 1018 1707 fasciculos
1041 1642 1076 1707 in
1095 1665 1150 1708 ma·

135 1745 233 1811 nibus
257 1750 417 1831 100011100,
445 1770 476 1831 p.
500 1749 575 1831 408,
597 1748 677 1830 409,
704 1749 784 1832 425,
810 1749 909 1830 1079,
935 1750 1037 1834 1086,
1063 1750 1150 1829 1111,

138 1855 231 1918 1580.
264 1852 313 1918 Ae
330 1852 406 1917 lieet
426 1853 506 1917 duae
525 1858 629 1918 tresve
648 1853 904 1939 fragmentorum
919 1854 1018 1921 series
1034 1855 1150 1941 quippe

137 1959 232 2024 unius
262 1959 424 2044 quondam
453 1958 598 2045 integrae
629 1958 747 2043 papyri
775 1963 885 2043 partes
913 1959 1162 2047 coniungendae·

137 2066 216 2149 sint,
253 2066 339 2150 quod
372 2065 584 2130 demonstrari
617 2088 713 2149 posse
741 2087 839 2151 nego,
872 2065 944 2149 quis
973 2071 1024 2131 101
1054 2089 1150 2132 exem·

137 2172 241 2256 plaria
268 2171 449 2238 Philodemi
482 2172 516 2236 in
547 2193 605 2236 sua
638 2194 708 2237 esse
736 2171 936 2237 bibliotheca
964 2195 1082 2256 passus
1114 2172 1151 2237 sit

137 2280 200 2344 nisi
223 2280 454 2345 Philodemus?
1164 2354 1167 2361 ,

204 2386 315 2452 Unum
342 2388 380 2451 fr.
408 2387 449 2450 ab
478 2385 530 2450 his
558 2385 793 2471 seiungendum
821 2384 901 2470 dixi,
934 2385 1022 2468 quod
1051 2388 1152 2452 exstat

138 2489 199 2556 1V²
217 2491 272 2556 fol.
293 2494 465 2557 182-191
492 2495 525 2556 et
548 2491 807 2557 101204-208.
845 2491 1048 2577 Quamquam
1073 2492 1153 2557 enim

134 2597 172 2660 in
204 2597 309 2663 media
336 2597 518 2662 Philodemi
551 2598 589 2662 de
622 2597 781 2681 poematis
738 2598 881 2663 tdiat
882 2597 994 2662 riba
984 2599 1146 2664 mvenitur
1180 2636 1181 2655 1

138 2707 248 2769 tamen
275 2704 314 2768 de
341 2702 502 2768 rhetorica
530 2707 642 2787 aperte
672 2707 728 2767 est.
737 2699 762 2789 ¹)
807 2702 876 2770 Nec
900 2703 1050 2789 dubium,
1079 2647 1154 2789 quid

138 2810 194 2874 illa
221 2811 305 2875 frust
291 2809 360 2873 tula
386 2830 453 2873 non
480 2808 546 2874 sint
568 2808 721 2893 Epicurei
750 2809 927 2894 cuiusdam3
957 2807 1058 2875 Stoici
1088 2832 1154 2875 esse

139 2921 235 3002 reete,
259 2916 385 2999 opinor,
407 2914 572 2982 Usenerus
593 2915 686 3000 Epic.
706 2939 737 3000 p.
751 2917 818 2980 414
841 2938 864 2980 s.
881 2938 909 2980 r.
933 2918 1155 3002 Ναυσιφάνης

140 3026 172 3087 01
198 3023 262 3087 401
292 3045 315 3086 s.
339 3045 367 3086 v.
393 3019 642 3109 Ἀπολλοφάνης
673 3022 814 3087 adnotat.
864 3022 916 3087 Ex
949 3022 1070 3106 quibus
1097 3020 1154 3089 1V²

139 3127 280 3193 101106
304 3128 351 3193 sic
372 3127 536 3195 Usenerus
560 3129 733 3215 expressit:
761 3129 841 3214 μετὰ
863 3139 965 3195 ταῦτα
988 3133 1073 3215 πρὸς
1095 3132 1153 3213 τὴν

141 3234 260 3319 τέχνην
290 3238 325 3301 τί
352 3237 393 3322 δὴ
424 3235 579 3321 λέγουσιν
610 3235 682 3304 ἄλλ’
711 3237 732 3322 ἣ
762 3238 969 3321 »φιλόσοφος
1000 3234 1085 3323 ἀνὴρ
1116 3235 1154 3301 οὐ

213 3465 239 3534 1)
257 3464 292 3521 cf.
311 3464 453 3522 Hausrath
472 3466 491 3522 l.
506 3467 525 3521 l.
544 3485 572 3536 p.
588 3473 648 3523 217.
