2362 3832
462 98 602 159 „XV
647 135 691 142 .-

244 282 294 338 Ι>ο
317 282 494 340 rhetoricis
516 283 709 339 Philodami
732 285 901 354 operibus.

131 414 201 480 Iam
224 418 398 499 antequam
420 415 482 479 hoc
500 437 654 502 magnum
674 416 713 480 de
732 416 892 481 rhetorica
912 437 994 499 opus
1014 438 1084 481 con-

62 521 231 606 scriberet,
254 521 426 586 minimum
448 525 524 607 tres,
547 521 603 606 qui
626 522 666 585 ad
689 523 750 587 hoc
769 528 996 609 argumentum
1015 545 1085 606 per-

62 630 219 713 tinerent,
256 629 359 693 libros
389 628 598 693 Philodemus
632 628 781 694 ediderat.
836 629 983 714 Scriptus
1016 635 1085 695 erat

61 737 148 801 liber
171 733 249 822 περὶ
271 734 397 814 λέξεως.
436 733 482 800 Of.
501 757 534 818 p.
551 735 623 820 156,
644 738 686 801 10
696 759 764 821 sqq.
788 738 938 823 audoisae
961 736 997 803 ἐν
1016 749 1085 814 τοῖς

61 841 140 930 περὶ
150 841 270 922 λέξεως
280 841 485 926 ἀποδίδομεν
496 841 731 927 ἐξεργαστικῶς
742 843 798 931 (sc.
808 841 883 930 περὶ
894 842 1083 931 ἀσαφείας)·

60 951 167 1016 ταύτὰ
191 946 228 1015 db
252 947 307 1015 καὶ
330 957 395 1014 νῦν
417 951 654 1034 κεφαλαιωδῶς
675 949 922 1036 ὑπομνήσομεν.
958 950 1083 1015 llodem

62 1056 230 1142 pertinere
248 1046 339 1141 puto,
363 1056 450 1140 quod
468 1039 690 1140 preadicit:
713 1059 772 1134 τὰς
790 1059 892 1134 ἄλλας
910 1058 1084 1144 διαφοράς,

67 1158 116 1229 ὧν
145 1166 281 1229 ἔνθεσιν
309 1162 347 1228 ἐν
375 1173 444 1240 τοίς
466 1161 542 1248 περὶ
564 1165 694 1229 τούτων
716 1165 905 1248 ποιούμεθα
929 1162 1083 1250 Mirumst)

62 1269 183 1335 Editus
214 1273 283 1357 erat
313 1266 389 1356 περὶ
418 1267 556 1335 ἐπαίνου
585 1269 676 1334 liber.
724 1269 769 1336 Of.
800 1294 831 1355 p.
858 1273 936 1356 219,
960 1272 1004 1336 20
1014 1293 1083 1354 sqq.

64 1427 120 1442 ...
142 1373 199 1442 καὶ
221 1372 325 1441 πάνθ’
349 1374 444 1460 ὅλως,
467 1376 549 1462 ἅπερ
568 1375 663 1461 ἡμεῖς
680 1374 865 1459 ἀναγκαίαν
884 1379 1002 1463 ἔχοντα
1021 1379 1084 1462 χώ-

63 1507 129 1569 ραν
149 1484 232 1568 πρὸς
249 1485 327 1560 τοὺς
346 1482 572 1568 ὀνησιφόοους
588 1482 716 1568 ὕμνους
734 1481 772 1548 ἐν
790 1491 835 1572 τῷ
854 1482 930 1568 περὶ
945 1483 1083 1549 ἐπαίνου

62 1593 156 1678 λόγῳ
181 1585 425 1675 ὃιαστίλίομευ.
470 1588 520 1653 Ι)ε
544 1588 635 1652 cuius
658 1593 848 1674 argumento
871 1591 1026 1656 nonnulla
1049 1591 1084 1655 in

62 1695 331 1761 antecedentibus
355 1696 510 1781 disputat,
533 1694 652 1779 quibus
675 1694 767 1760 illum
788 1695 936 1762 libellum
955 1698 995 1762 ad
1014 1699 1083 1763 rhe-

61 1803 201 1868 toricam
229 1803 424 1888 pertinuisse
452 1807 597 1887 apparet.
643 1801 727 1867 lllud
756 1802 892 1887 denique
919 1802 996 1890 περὶ
1024 1805 1082 1890 ρη-

63 1919 200 1996 τορικῆς
213 1909 487 1994 ὑπομνηματικὸν
507 1914 539 1973 et
558 1932 671 1993 reapse
686 1914 760 1974 ante
774 1911 968 1975 rhetoricam
983 1911 1082 1995 serip-

62 2021 136 2080 tum
161 2037 230 2080 esse
255 2020 505 2081 consentaneum
529 2019 578 2080 est
597 2020 638 2100 et,
661 2015 695 2078 ni
714 2015 818 2101 fallor,
841 2040 872 2100 p.
888 2019 940 2101 90,
959 2019 1002 2082 30
1014 2039 1082 2102 sqq.

61 2121 233 2187 indicatur.
271 2121 373 2199 Quem
395 2122 503 2187 locum
526 2121 660 2208 cognitu
679 2121 969 2208 dignissimumsio
988 2123 1083 2187 inter-

61 2232 188 2314 pretor:
211 2227 413 2293 adversarius
435 2229 542 2294 nescio
567 2229 639 2314 quis
659 2229 770 2297 multis
789 2228 953 2313 capitibus
972 2233 1084 2293 eontra

27 2350 35 2362 ·
59 2334 290 2400 Philodamum
319 2331 496 2418 disputatis
523 2335 699 2420 respiciens
727 2357 778 2418 ea,
807 2356 889 2419 quae
917 2335 971 2399 ille
1001 2357 1083 2400 com-

60 2441 232 2508 mentariis
252 2440 287 2505 in
300 2463 395 2506 suum
409 2463 445 2506 ac
460 2441 692 2527 discipulorum
706 2441 816 2528 potius
832 2464 928 2527 quam
943 2442 1083 2507 alienum

59 2571 159 2614 usum
178 2547 368 2632 compositis
387 2555 589 2633 exposuerat.
622 2550 711 2616 Haec
730 2554 845 2634 utpote
864 2550 988 2635 publici
1004 2550 1083 2615 iuris

58 2678 128 2721 non
152 2655 238 2718 facta
261 2655 310 2718 fas
332 2676 399 2720 non
422 2655 521 2720 fuisse
546 2656 623 2721 dicit
647 2659 688 2722 ab
709 2680 746 2722 eo
766 2657 959 2744 impugnari.
998 2656 1083 2734 Quot

59 2766 174 2827 autem
198 2759 301 2825 libros
325 2760 381 2825 illa
403 2762 656 2848 ὑπομνηματινὰ
680 2764 907 2848 continuerint,
931 2761 1004 2827 sciri
1028 2763 1082 2827 vix

56 2870 187 2954 potest3
211 2866 394 2951 complures
416 2869 516 2934 fuisse
539 2871 607 2934 reri
631 2870 736 2935 simile
760 2875 817 2934 est.
860 2869 961 2934 Credo
986 2869 1083 2933 etiarn

56 2995 227 3061 papyrum
246 2976 311 3040 832
327 3007 369 3028 =
383 2975 459 3041 Vll²
477 2976 532 3041 fol.
546 2979 677 3042 44-67
698 2976 775 3040 illue
794 2975 987 3040 reiciendum
1006 2996 1083 3059 esse,

56 3083 98 3148 de
124 3102 191 3166 qua
214 3080 249 3144 in
272 3085 361 3146 tomo
386 3083 525 3148 secundo
550 3082 682 3168 dicetur,
707 3081 762 3167 qui
785 3080 1084 3165 ἰΠυᾶυπομνημα-

54 3190 168 3271 eruor,
192 3209 356 3271 papyrum
380 3190 455 3272 832,
477 3190 658 3276 fragmenta
681 3187 869 3253 continebit.

136 3385 163 3452 1)
183 3380 227 3435 De
247 3378 407 3436 elocutione
426 3398 456 3436 se
475 3384 604 3438 acturum
621 3396 714 3452 porro,
734 3378 760 3434 si
773 3377 868 3435 otium
878 3376 982 3448 luent,
994 3380 1100 3445 psas

50 3468 208 3544 promittit
225 3467 257 3523 in
275 3467 330 3522 fine
347 3467 425 3525 illius
442 3469 517 3528 libri.
