2376 3846
516 177 553 185 -—
601 148 716 203 XLVIII
765 177 802 186 -

151 298 351 384 persuadere,
375 298 458 362 sicut
482 298 652 384 spondent,
675 298 827 364 omnibus
846 304 993 384 possunt.
1030 300 1082 368 Ut
1100 326 1173 369 vero

150 405 253 470 sciant
276 405 384 490 plebis
407 405 621 490 voluntatem,
644 405 836 490 persuadere
859 410 969 471 tamen
991 429 1062 473 non
1077 414 1172 505 'pota

150 516 235 597 runt,
260 512 335 596 quia
356 512 440 577 nihil
462 512 698 578 inconstantius
722 516 772 577 est
795 511 903 596 plebis
926 513 1046 580 iudicio
1067 514 1173 604 (XXII

154 616 325 706 -xxffly
350 658 392 667 —-
415 618 474 705 A,
502 619 623 704 inquit,
645 642 665 684 a
688 619 850 715 communi¹
874 621 1014 704 quadam
1036 621 1118 690 iusti
1142 627 1172 689 et

151 726 241 791 utilis
264 725 383 790 notitia
406 726 446 790 ad
469 725 511 810 id
537 726 624 810 quod
646 726 681 790 in
704 747 831 810 quaque
854 748 889 790 re
913 728 1078 814 expediat,
1100 753 1171 815 pro·

151 833 254 920 gressi
286 832 414 919 singula
447 854 592 917 quaeque
624 833 665 897 ad
694 832 785 898 illam
812 834 997 920 generalem
1023 857 1170 901 normam

151 940 362 1024 adaptabunt.
413 938 476 1005 Sed
508 940 637 1027 singula
669 940 773 1027 magis
804 940 854 1004 vir
881 945 1037 1025 expertus
1065 948 1100 1008 et
1126 942 1169 1008 rei

150 1046 301 1130 publicae
325 1045 450 1130 peritus
473 1050 694 1131 persequetur.
726 1045 758 1112 Is
781 1047 925 1131 placebit
945 1052 1005 1113 etc.
1024 1047 1168 1136 (XXIV).

216 1153 395 1238 Postquam
421 1154 525 1241 igitur
551 1177 610 1238 per
636 1176 669 1219 se
693 1153 799 1238 ipsam
821 1154 1066 1241 physiologiam
1090 1156 1168 1241 opti·

150 1282 240 1325 mum
263 1265 424 1326 oratorem
446 1284 512 1326 non
535 1262 662 1326 efficere
686 1260 941 1326 demonstratum
965 1266 1024 1347 est,
1048 1262 1168 1347 quaeri·

150 1371 213 1452 tur,
235 1389 315 1432 num
337 1372 504 1453 assumpto
528 1390 589 1433 usu
612 1367 746 1452 forensi,
771 1371 942 1452 perspecta
965 1367 1076 1452 plebis
1101 1392 1167 1436 con·

151 1474 320 1539 suetudine
358 1479 416 1539 etc.
454 1497 529 1539 eum
565 1476 803 1541 conformatura
840 1474 884 1539 sit
915 1473 1046 1563 (XXV).
1104 1476 1166 1555 Qua

151 1581 280 1665 quidem
308 1580 342 1644 in
370 1580 558 1665 quaestione
586 1581 791 1666 probandum
819 1585 888 1645 erat
916 1602 1011 1646 usum
1039 1586 1074 1647 et
1097 1582 1167 1649 assi·

151 1686 309 1751 duitatem
337 1685 506 1774 (μελέτην)
534 1710 594 1771 per
621 1711 655 1753 se
683 1688 702 1752 i.
722 1710 747 1752 e.
772 1687 841 1752 sine
869 1688 1079 1776 physiologia
1106 1711 1167 1755 non

150 1815 245 1878 posse
269 1792 422 1877 poIIticos
446 1797 590 1858 oratores
614 1795 739 1859 efficere
759 1792 903 1882 (XXVI).
941 1792 1005 1860 Sed
1023 1795 1051 1861 si
1071 1818 1166 1881 quon·

151 1900 225 1965 dam
248 1898 375 1984 physici
399 1898 478 1964 boni
503 1903 646 1965 oratores
669 1901 813 1988 fuerunt,
841 1923 907 1966 non
930 1907 1068 1986 propter
1091 1903 1166 1988 phy·

151 2006 322 2092 siologiam
343 2005 483 2091 fuerunt,
507 2006 562 2070 sed
580 2006 709 2072 aliunde
726 2008 809 2072 hanc
828 2012 932 2073 artem
949 2008 1166 2094 arripuerunt3

151 2113 201 2178 sin
224 2117 401 2197 apparatus
425 2111 557 2178 oratorii
580 2113 647 2178 sint
669 2114 777 2197 periti,
800 2119 834 2179 at
854 2119 974 2180 temere
999 2120 1033 2181 et
1051 2116 1166 2202 impor-

150 2225 228 2285 tune
253 2242 290 2285 eo
314 2224 447 2285 utentur
461 2218 507 2307 (l)
524 2257 568 2266 -
581 2219 704 2286 XXVII
723 2272 729 2284 .
745 2272 773 2286 ..
797 2244 856 2287 nec
875 2222 1040 2308 physicus
1064 2222 1166 2308 quoad

151 2327 305 2412 physicus
334 2332 396 2413 est,
424 2327 458 2391 id
486 2327 572 2412 quod
599 2327 769 2411 proprium
793 2332 842 2394 est
865 2328 992 2412 politici
1015 2330 1166 2414 possidet,

150 2434 226 2518 quia
258 2438 345 2498 caret
377 2434 522 2513 oratione
551 2437 583 2498 et
611 2435 729 2518 peritia
756 2435 885 2500 forensi.
937 2435 1059 2514 Quodsi
1087 2459 1165 2503 oom-

150 2540 240 2603 muni
260 2540 404 2604 omnium
424 2540 630 2621 [elocutionis
649 2545 682 2606 et
696 2543 1023 2629 argumentationisl]
1042 2544 1165 2610 ratione

151 2645 266 2710 enixus
294 2645 332 2709 de
357 2646 455 2711 rebus
479 2646 617 2712 utilibus
640 2652 672 2712 et
696 2649 925 2733 probabilibus
949 2649 1074 2734 aliquid
1098 2673 1165 2736 pro·

150 2752 281 2816 fiteatur
309 2751 350 2835 is,
378 2752 434 2836 qui
461 2775 520 2817 nec
543 2753 723 2820 animorum
746 2760 854 2822 motus
877 2757 929 2821 vel
952 2757 1088 2824 affectus
1110 2777 1165 2823 nec

150 2880 201 2922 res
224 2880 284 2923 nec
306 2858 395 2945 volgi
414 2860 659 2926 consuetudines
678 2863 890 2948 perspexerit,
914 2868 1119 2950 [arroganter
1136 2867 1165 2929 et

150 2986 239 3030 more
266 2965 349 3051 agit]
383 2966 610 3050 sophistarum.
656 2968 769 3054 ltaque
802 2971 913 3035 inanes
944 2970 997 3035 vel
1028 2971 1166 3037 maxime

150 3073 267 3136 horum
292 3072 453 3138 orationes
477 3079 552 3139 sunt
575 3074 903 3163 (XXVIII-XXIX).
1103 3145 1105 3149 .

216 3177 285 3244 Iam
315 3202 345 3263 p.
373 3179 480 3245 XXIX
506 3181 734 3266 Nausiphanes
762 3188 1045 3271 commemoratur,
1078 3185 1165 3250 cuius

150 3286 273 3351 dictum
295 3286 502 3353 notissimum
526 3294 587 3374 est,
612 3289 792 3373 sapientem
815 3291 928 3376 utique
952 3292 992 3356 ad
1015 3315 1085 3358 rem
1108 3314 1164 3378 pu·

151 3393 270 3458 blicam
298 3415 507 3461 accessurum.
534 3435 571 3443 -
597 3396 721 3461 Verum
743 3397 771 3462 si
795 3398 1026 3486 philosophus,
1054 3404 1091 3465 ut
1114 3422 1165 3485 pa·

134 3499 219 3562 triae
246 3501 297 3567 uel
320 3503 436 3573 amicis
460 3503 581 3592 prosit,
605 3527 647 3570 ex
668 3505 787 3571 umlora
801 3505 966 3570 'mierum
978 3528 1166 3592 progressus
