2362 3832
478 136 692 190 -ῙΧ-

71 286 251 373 ῥητορικὴν
269 285 423 352 videatur.
447 283 633 350 Inauditum
647 290 705 371 est,
722 286 807 371 quod
821 309 852 371 p.
870 286 943 372 185,
957 287 1089 352 24-26

69 393 204 479 legitur:
237 394 386 481 καθάπερ
415 391 479 477 ἐγὼ
508 388 570 477 μὲν
598 393 724 460 τούτων
751 394 858 459 πολλὰ
881 394 1012 477 κάγαθὰ
1034 414 1090 458 πε-

69 495 181 585 ποίηκ’
213 501 313 577 αὐτὸς
345 499 401 586 (sc.
431 497 548 580 λέξεως
575 497 760 586 acxiani).
806 499 948 564 Litterae
981 502 1090 563 tamen

71 604 222 693 magnae,
250 606 418 691 pulchrae,
447 605 617 671 distinctae
645 610 734 690 sunt,
761 604 846 670 1110
874 609 983 671 autem
1011 605 1089 669 satis

72 714 265 799 discrepant.
312 713 375 779 Sed
404 712 553 799 graviora
580 712 767 777 adscribam.
814 712 1002 797 Quicunque
1030 710 1090 776 X12

71 821 127 886 fol.
149 822 324 886 126-128
353 818 545 904 inspexerit,
573 841 654 903 quae
678 819 808 904 quidem
831 818 910 883 folia
933 818 1089 883 continui-

73 927 151 991 tatis
180 926 321 1011 speciem
348 928 520 1011 praebent,
547 947 613 990 non
636 925 730 991 facile
754 925 792 990 de
816 924 1089 991 contaminatione

72 1032 301 1119 suspicabitur.
353 1031 509 1097 Attamen
538 1032 609 1096 folii
641 1034 704 1098 126
735 1055 810 1118 pars
841 1031 989 1118 superior
1019 1053 1090 1096 con-

72 1140 163 1227 gruit
186 1161 260 1204 cum
283 1161 357 1225 pag.
377 1141 397 1204 9
422 1139 490 1204 eius
508 1138 691 1223 voluminis,
715 1140 802 1224 quod
820 1138 895 1226 περὶ
915 1140 1091 1227 ῥητορικῆς

72 1247 346 1331 ὑπομνηματικὸν
374 1244 576 1330 inscribitur,
606 1268 682 1330 pars
710 1245 844 1311 inferior
870 1268 944 1311 cum
971 1245 1090 1330 ὑπομν.

72 1375 148 1438 pag.
182 1353 216 1417 51
252 1353 395 1436 itemque
428 1351 499 1416 folii
533 1354 596 1418 128
630 1374 705 1436 pars
737 1353 885 1437 superior
917 1351 1091 1436 respondet

71 1460 195 1544 ὑπομν.
217 1480 289 1544 pag.
311 1461 365 1542 11,
388 1480 465 1544 pars
488 1458 621 1524 inferior
644 1460 765 1544 ὑπομν.
789 1482 862 1545 pag.
884 1460 939 1524 101

143 1563 277 1648 Saepius
306 1563 435 1651 accidit,
463 1569 500 1629 ut
522 1566 705 1652 fragmenta
729 1587 835 1630 errore
859 1565 910 1630 bis
935 1564 1091 1630 describe-

71 1676 194 1736 rentur.
241 1670 394 1736 Conferas
418 1692 536 1756 quaeso

176 1775 252 1842 VH2
275 1777 401 1861 f01.38‚
424 1777 462 1842 fr.
482 1778 503 1843 6
549 1783 581 1843 et
626 1777 701 1844 V11²
724 1778 779 1843 fol.
799 1781 851 1863 42,
874 1779 911 1843 fr.
933 1781 982 1844 12.

235 1901 326 1950 αισιν
699 1888 881 1953 κ...δυσι

236 2008 342 2056 eriora
699 2010 792 2057 τιστα

236 2119 347 2181 sym
419 2172 420 2175 Ἴ
697 2123 840 2183 ειγο.υΙ

236 2221 361 2269 ονακασ
697 2210 802 2272 ovato

235 2313 386 2376 auc-ado
695 2328 825 2377 παστασ

236 2437 358 2503 vaccua
694 2435 847 2504 ανπαρασ

160 2584 163 2590 .
236 2526 369 2589 occardo
693 2526 832 2591 ωνεπιὸε

236 2631 397 2696 consideo
692 2635 858 2699 ruvocdoo

238 2753 416 2822 τουσηστιν
692 2757 834 2825 ουσηστο

236 2844 405 2909 ‘auduram
479 2897 481 2901 ,
691 2848 878 2911 ’κυόαινθα

236 2972 422 3016 καιταυτειν
690 2975 807 3018 καιταυ
823 3001 830 3016 .
846 2975 866 3033 u

142 3055 208 3120 Vix
239 3057 354 3123 melius
387 3079 483 3142 quam
515 3057 577 3123 hoo
609 3059 757 3143 exemplo
790 3056 947 3123 illustrari
979 3059 1093 3142 possit,

74 3186 175 3249 quam
198 3161 321 3227 incerta
340 3186 500 3250 quamque
520 3163 630 3250 exigui
648 3164 745 3248 pretii
763 3164 842 3228 talia
862 3164 936 3248 sint,
960 3185 1033 3230 cum
1051 3187 1091 3229 ne

73 3293 160 3336 unus
184 3269 314 3355 quidem
337 3293 448 3336 versus
467 3271 563 3356 plane
583 3275 747 3356 congruat.
784 3269 848 3335 Sed
866 3269 968 3335 multo
988 3271 1092 3357 magis

74 3377 282 3462 admiramur,
306 3379 392 3462 quod
415 3402 446 3462 p.
466 3378 541 3462 225,
564 3377 622 3442 ubi
645 3378 682 3441 fr.
703 3380 720 3442 1
746 3380 778 3439 et
803 3377 824 3440 5
848 3375 997 3441 similiter
1020 3399 1092 3441 con·

74 3489 208 3572 gruunt,
233 3483 370 3550 alterum
389 3484 528 3549 mediam
547 3488 673 3569 partem
691 3481 839 3568 paginae,
863 3481 1002 3549 alterum
1020 3483 1093 3546 den-
