2362 3832
436 121 702 176 -XXIX-

57 275 124 358 τῆν
152 269 189 338 δὲ
212 272 392 359 ῥητορικὴν
414 268 566 357 ἐπειρᾶτο
590 274 695 338 εἰπεῖν
719 270 894 354 ούδεμ[ίαν
917 273 1005 357 ἔχειν
1027 272 1078 336 vel

60 379 133 444 sim.
180 376 226 445 cf.
250 375 342 444 sexti
364 376 523 461 Empirici
546 377 615 442 adv.
638 379 720 442 rhet.
744 361 905 463 §4'8sqq.

129 507 160 572 g.
184 487 232 551 έτι
256 481 285 548 δ’
309 485 341 549 εί
362 486 406 569 μῆ
431 483 559 569 ἐκείνης
579 486 669 550 ἔστιν
687 508 719 550 τι
737 482 842 569 τέλος,
864 481 916 570 ἐφ’
935 483 953 549 ὃ
972 484 1079 551 πάντα

59 592 103 658 τά
130 589 213 677 μέρη
238 590 415 656 συννεύειν
439 590 580 676 ὀφείλει,
606 599 665 676 τῆς
688 590 865 679 ῥητορικῆς
887 588 987 657 οὐδέν
1011 590 1081 657 έστι

59 695 156 775 τέλος
178 695 246 783 ΠΡ,
266 697 345 781 101;
370 696 456 780 quod
478 696 661 763 illustratur
684 696 775 764 Sexti
796 697 891 782 Emp.
911 698 979 762 adv.
998 699 1080 764 rhet.

61 805 206 871 89-92.

130 913 161 975 h.
267 913 349 998 μετὰ
376 911 500 997 ταύτην
527 912 589 995 τῆν
612 910 822 997 ἐπικειμένην
844 913 1081 998 ὑπομνῆσομεν

61 1018 189 1104 ἐκείνη·
222 1020 326 1103 δῆλον
358 1017 409 1083 ὅτι
440 1018 504 1103 γάρ
537 1026 626 1084 πάσα
659 1016 757 1105 τέχνη
785 1019 883 1105 χάριν
911 1020 1081 1105 ὠφελίμου

60 1126 153 1201 τινὸς
176 1125 225 1203 είς
247 1127 306 1191 τὸν
329 1127 407 1210 βίον
429 1126 577 1209 εἰσῆκται
600 1123 693 1190 καί*
716 1122 772 1191 καί
794 1129 1080 1211 παρασκευαστικὴ

63 1233 304 1316 συμφερόντων
328 1230 432 1297 ἐστίν·
455 1232 476 1315 ῆ
501 1227 538 1296 δὲ
562 1230 719 1319 ῥητορικῆ
743 1232 897 1317 πρὸς...
921 1230 1080 1316 1X2‚105.

62 1337 102 1401 cf.
125 1335 217 1402 Sexti
240 1337 335 1421 Emp.
360 1337 428 1402 adv.
452 1338 533 1401 rhet.
555 1338 694 1422 10-12,
718 1337 774 1402 ubi
798 1337 916 1402 simih'a
939 1338 1081 1404 Critolao

63 1443 189 1509 dantur.

130 1551 151 1615 i.
183 1551 336 1635 τοιαύτης
366 1546 404 1614 δέ
431 1559 488 1635 τῆς
514 1552 644 1636 πρώτης
671 1549 871 1628 ἀποδείξεως
897 1555 1082 1636 πεφυκυίας

63 1655 219 1742 βλέπεται
246 1659 283 1722 τὸ
313 1654 580 1742 διημαρτημένον
608 1658 672 1742 ῆδη
697 1655 833 1740 καὶτῆς
855 1656 1082 1744 ἐκδεχομένης,

63 1759 143 1830 καθ’
166 1763 209 1847 ῆν
232 1761 360 1846 ἐλέγετο
383 1771 472 1829 πᾶσα
495 1761 593 1850 τέχνη
616 1765 795 1851 τυγχάνειν
818 1762 869 1831 άεὶ
888 1776 949 1832 τοῦ
968 1765 1083 1843 τέλους

64 1870 85 1954 ῆ
109 1871 192 1936 κατὰ
215 1873 252 1936 τὸ
275 1876 443 1955 πλεῖστον,
470 1870 491 1953 ῆ
516 1867 554 1936 δέ
576 1871 734 1959 ρητορικῆ
759 1869 942 1958 μηδετέρου
964 1871 1084 1955 γένους

64 1974 229 2063 μετέχειν·
257 1977 337 2043 ὅταν
363 1974 400 2042 δὲ
422 1976 478 2043 καὶ
501 1981 618 2064 πείδη,
648 1980 704 2044 διά
727 2003 802 2044 τινα
825 1990 892 2046 τῶν
914 1991 1038 2046 κοινῶν
1061 1979 1082 2064 ῆ

62 2081 120 2149 καί
142 2094 209 2148 τῶν
234 2086 410 2151 ίδιωτικῶν
431 2082 571 2169 νέμησιν
594 2096 654 2151 τοῦ
677 2083 793 2163 τέλους
814 2086 993 2170 τυγχάνειν
1012 2084 1081 2170 XF,

65 2191 139 2256 101.
186 2188 233 2256 cf.
257 2189 348 2256 Sexti
371 2189 466 2274 Emp.
489 2190 558 2255 adv.
581 2192 663 2256 rhet.
690 2193 829 2258 13-15.

131 2297 163 2361 k.
188 2296 342 2383 Legimus
365 2294 433 2382 IX2,
456 2296 499 2362 52
519 2327 561 2349 =
580 2295 649 2379 XF,
674 2298 751 2362 100:
782 2335 820 2344 -
845 2299 900 2362 καί
924 2299 1023 2383 φύσις
1046 2295 1084 2363 δέ

63 2407 253 2488 κατενοῆθη
278 2406 315 2469 τὸ
339 2413 396 2488 τῆς
418 2400 534 2489 τέχνης
556 2405 657 2490 έργον
680 2403 865 2470 ἀποτελεῖν·
889 2408 937 2471 έτι
956 2407 987 2471 εί
1004 2422 1083 2490 συγ-

62 2512 250 2597 κεχώρηταί
274 2534 366 2589 τινας
394 2509 579 2588 ἀδιδάκτως
606 2505 645 2577 εὖ
670 2508 792 2598 λέγειν,
820 2511 892 2579 ἀλλ’
920 2512 981 2579 ούκ
1004 2512 1084 2578 άπο-

64 2618 233 2685 δεικνύειν
252 2619 419 2703 φήσουσιν
438 2620 578 2705 άτεχνον
592 2613 698 2685 οὖσαν
712 2621 774 2704 τῆν
788 2620 976 2708 ρητορικῆν.
1004 2618 1084 2686 Gon·

64 2726 151 2790 feras
174 2721 242 2811 IX2,
265 2727 309 2790 60
328 2756 370 2777 =
389 2723 457 2809 IX2,
481 2727 538 2809 98,
566 2726 604 2790 fr.
628 2727 662 2791 8:
695 2737 809 2811 σαφῶς
835 2727 899 2812 γάρ
926 2728 1006 2810 ἔφη,
1034 2727 1084 2791 ὅτι

64 2831 229 2916 Δημάδης
252 2831 312 2897 ούκ
335 2833 472 2915 ἔμαθεν,
499 2832 543 2908 ὣς
566 2829 597 2896 δ’
619 2833 727 2910 αύτως
749 2835 911 2919 Αίσχίνης
933 2834 1007 2917 ῆτοι
1028 2830 1084 2896 καὶ

65 2934 144 3024 παρ’
172 2939 283 3004 ἄλλων
310 2937 331 3021 ῆ
360 2933 403 3002 δι’
431 2937 542 3003 αὑτῶν
569 2939 609 3002 τά
637 2940 802 3022 μεθοδικὰ
829 2947 886 3023 τῆς
909 2939 1085 3026 ῥητορικῆς

65 3041 137 3110 οὔτ’
162 3045 288 3110 άπλατα
312 3046 349 3109 τὸ
372 3047 502 3127 πλῆθος
526 3045 606 3109 ὄντα
623 3047 935 3131 προσκαρτερῆσεοις
952 3067 987 3109 τε
1005 3049 1084 3110 πολ-

65 3156 128 3235 λῆς
151 3149 193 3216 ού
216 3152 369 3234 δεόμενα·
392 3150 452 3214 τὸν
475 3145 536 3232 μὲν
559 3151 623 3236 γὰρ
646 3149 873 3235 Δημοσθένην
895 3151 1016 3228 πάντες
1033 3174 1085 3216 κε-

64 3257 230 3344 κράγασιν
252 3257 288 3321 οί
303 3253 372 3320 κατ’
394 3255 497 3322 αὐτὸν
516 3259 667 3341 τεχνίτην
686 3247 772 3322 εἶναι
790 3254 846 3322 καὶ
864 3260 1085 3343 Κριτόλαος

65 3364 130 3431 ούκ
154 3363 362 3448 ἀπαρνεῖταα
386 3362 506 3449 ὀχυροῖ
525 3358 563 3426 δὲ
585 3361 720 3451 προσέτι
742 3366 780 3430 τὸ
804 3365 1003 3447 ταττόμενον
1022 3359 1081 3449 ὑφ’
1139 3445 1147 3460 ι

64 3470 163 3556 ἡμῶν
188 3468 297 3536 αὐτῶν
320 3470 420 3555 μικρά
442 3467 532 3554 παρὰ
555 3478 614 3555 τῆς
635 3467 751 3556 τέχνης
774 3468 876 3534 αὐτὸν
899 3468 1085 3555 είληφέυαι·
