2362 3832
463 127 677 181 ..ΧΙ-

55 442 57 447 ι
131 358 180 412 De
203 356 314 411 forma
336 369 545 427 papprornm
568 361 604 413 et
625 358 693 414 fide
717 358 1002 428 apographorum.

126 487 275 574 Papyrus
301 491 385 554 1427
407 520 450 542 =
463 488 507 554 V²
530 489 737 556 f01.26-35
760 491 858 555 finem
880 490 979 574 primi
1001 491 1079 556 libri

57 594 214 660 eontinet.
258 595 402 659 Litterae
425 599 592 681 tamquam
615 597 760 682 fugiente
784 596 906 662 calamo
930 602 1078 662 exaratae

57 706 144 767 sunt.
189 701 295 766 Multa
317 705 451 787 mutata,
475 701 589 787 deleta,
613 702 736 768 adiecta
759 707 842 768 sunt.
888 702 1037 789 Papyrus
1061 726 1079 767 a

58 830 186 872 summo
215 807 255 871 ad
277 808 379 873 imum
402 808 529 874 fissuris
552 808 713 893 dirempta
736 809 814 874 satis
837 815 947 875 tamen
970 811 1011 873 ad
1033 832 1079 874 re-

57 914 260 980 stituendum
287 919 415 980 textum
442 915 570 1001 integra
598 920 656 980 est.
701 915 885 1000 Utrumque
914 916 1081 1001 exemplar

57 1025 93 1086 et
117 1019 219 1086 Oxon.
244 1025 277 1085 et
299 1020 403 1106 Neap.
428 1021 571 1086 eiusdem
594 1021 661 1085 fere
684 1021 783 1105 pretii
807 1026 865 1086 est.

127 1127 276 1213 Papyrus
308 1130 394 1193 1614
418 1159 461 1181 =
485 1125 544 1192 IV²
574 1129 729 1193 42-108
761 1133 890 1212 partem
922 1128 1000 1193 libri
1033 1152 1078 1194 se-

57 1234 156 1300 cundi
186 1234 338 1299 eontinet.
384 1235 549 1319 Fortasse,
582 1233 658 1318 quia
687 1234 740 1299 hie
767 1235 852 1299 liber
879 1235 948 1300 sine
977 1234 1076 1300 dubio

59 1363 257 1428 permagnus
280 1341 357 1425 fuit,
380 1342 492 1406 charta
515 1341 656 1407 seribam
680 1341 804 1406 defecit.
850 1340 979 1406 Sedt
937 1346 979 1406 s1t
1003 1364 1079 1406 sane

56 1467 136 1513 easu
158 1470 224 1513 non
246 1449 419 1532 perfectus,
442 1453 528 1513 oerte
551 1448 657 1513 medio
682 1448 788 1532 eapite
807 1449 1010 1532 interruptus
1031 1452 1079 1512 est

56 1555 153 1618 liber
189 1554 313 1620 Duetus
335 1555 390 1619 litt
361 1559 519 1620 tterarum
537 1554 677 1638 simplex
696 1558 755 1638 est,
778 1554 916 1640 paginae
935 1559 994 1640 opt
995 1555 1078 1619 imae

57 1661 110 1726 int
96 1660 223 1726 terdum
246 1666 279 1726 et
302 1661 474 1727 continuae
498 1683 633 1747 semper.
671 1660 868 1746 Exemplum
890 1660 1078 1746 Neapolita-

56 1790 138 1832 num
161 1766 350 1854 diligentius
374 1769 555 1833 confectum
579 1773 611 1832 et
635 1768 778 1833 melioris
800 1791 878 1834 usus
902 1772 964 1853 est,
995 1767 1077 1832 Oxo-

56 1874 164 1939 niensi
196 1878 318 1959 tamen,
351 1875 437 1959 quod
471 1876 557 1941 1825
591 1875 657 1940 edit
643 1880 714 1940 tum
744 1879 807 1960 est,
838 1875 915 1940 lieet
945 1875 1076 1940 omnino

57 1980 164 2066 magis
188 1984 376 2065 corruptum
400 1981 456 2065 111,
428 1980 621 2046 ttatmul
565 1985 717 2046 atamen
739 1981 946 2067 corriguntur
969 1985 1002 2045 et
1026 2004 1065 2044 ex

57 2086 201 2172 plentur.

125 2192 274 2278 Papyrus
300 2194 385 2259 1672
415 2194 513 2258 finem
541 2193 620 2258 libri
648 2194 694 2258 alt
680 2194 781 2259 terius
810 2194 943 2258 exhibet
967 2225 1010 2246 =
1033 2192 1077 2258 V2

56 2301 200 2367 36-76.
236 2300 434 2365 Litterarum
457 2301 572 2365 duetus
595 2300 623 2365 si
646 2301 753 2365 minus
777 2301 907 2386 elegans
930 2303 963 2362 at
983 2298 1077 2363 fortis

55 2411 91 2472 et
115 2406 217 2471 virilis
241 2410 299 2472 est.
344 2406 450 2474 Nimis
474 2406 577 2471 multa
599 2411 742 2472 eorreota
765 2411 841 2472 sunt
864 2405 960 2494 (puto
979 2428 1077 2470 manu

56 2512 187 2600 aliena).
218 2512 323 2596 Neap.
342 2513 508 2597 exemplar
531 2518 676 2599 praestat
700 2513 878 2600 diligentia,
901 2511 960 2578 Ox.
975 2513 1077 2597 eopia,

55 2641 171 2684 verum
189 2620 329 2704 pessime
348 2619 547 2704 descriptum
567 2624 625 2706 est,
643 2624 680 2684 ut
699 2620 837 2685 subinde
856 2642 896 2684 ex
915 2619 994 2684 totis
1010 2642 1077 2683 ver-

57 2726 165 2810 sibus,
189 2726 245 2810 qui
268 2726 388 2812 integri
410 2726 609 2812 viderentur,
631 2727 716 2791 nihil
739 2726 911 2791 eliouerim.

126 2831 277 2917 Papyrus
298 2835 383 2898 1423
403 2865 446 2886 =
464 2832 524 2898 ΧΓ
543 2857 574 2918 p.
596 2836 694 2918 lsqq.
715 2833 769 2898 dat
789 2833 931 2918 priorem
950 2837 1078 2917 partem

56 2938 138 3003 libri
162 2939 278 3023 quarti.
324 2938 456 3004 Summa
479 2945 547 3111 artte
572 2944 604 3004 et
628 2940 789 3026 elegantia
813 2940 1003 3025 magnisque
1026 2940 1078 3003 111-

54 3045 138 3110 teris
170 3045 373 3130 eonseriptus
406 3051 469 3132 est,
523 3047 619 3111 trix
648 3046 771 3130 aliquid
799 3049 869 3111 mut
871 3067 924 3109 are
953 3046 1080 3111 audeas

53 3152 260 3238 Apographo
295 3158 405 3218 tamen
441 3069 522 3217 Onu
536 3153 692 3218 nonnulla
728 3152 899 3217 emendant
900 3173 946 3217 ur.
1006 3151 1078 3216 Hae

52 3259 158 3325 etiam
181 3260 242 3324 sub
266 3260 364 3325 finem
387 3260 580 3347 paginarum
604 3259 736 3324 uberius
760 3262 817 3323 est.

123 3364 283 3450 Papyrus,
307 3388 388 3452 quae
412 3367 546 3432 alteram
565 3371 692 3451 partem
710 3364 788 3429 libri
807 3365 914 3448 quarti
933 3366 1078 3429 eontinet

50 3470 200 3563 (-----1111
231 3477 313 3558 part.
336 3471 396 3562 Π),
426 3474 461 3538 in
491 3473 569 3538 duas
599 3477 708 3557 partes
740 3469 854 3555 diuisa,
885 3470 937 3534 vel
967 3471 1078 3556 potius
