2362 3832
443 133 701 189 -XVII—

55 281 344 362 roterodamus
368 280 412 347 δι’
436 282 454 349 ὃ
479 284 566 368 δη’
545 305 703 371 αργονται
726 295 857 370 μακρῶς
880 285 1049 372 ἣπρδς
1020 310 1080 354 του

12 368 307 476 δΔημοκρίτειον
329 389 558 475 Ναυσιφάνην
582 390 811 476 διαμάχονται,
836 393 919 477 πρὸς
943 388 980 457 δὲ
1003 395 1081 458 τού·

12 522 23 553 ·:
57 522 128 574 τοις
151 498 241 582 μάλα
262 505 385 573 πιστῶς
407 496 715 582 μειρακισκεάονται
733 494 847 563 τόνδ’
870 497 981 565 αὐτῶν
996 495 1081 565 Ἰδο-

57 601 161 688 μενέα
184 601 339 687 μαθητὴν
361 601 624 688 παρεισάγουσιν
646 601 775 680 ἐντοῖς
796 600 1025 691 χαύνοιςμ)
992 605 1079 671 ουτω

57 711 325 793 περιγινόμενον.
361 744 399 756 -
433 707 559 775 Ultima
589 710 690 773 uerba
726 709 772 774 sic
803 708 884 776 mihi
915 709 1080 778 Usenerus

58 815 294 900 interpretatus
318 818 375 879 est.
420 813 479 882 Nil
501 814 629 901 mirum,
651 815 679 880 si
702 815 764 881 iste
787 816 872 883 inter
893 819 1002 884 fatuos
1024 819 1081 883 ho-

57 921 163 986 mines
187 921 233 986 sic
256 921 366 1006 potuit
384 921 549 987 excellere.
581 921 644 987 Hic
662 922 752 988 locus
770 928 883 988 contra
900 923 1079 1008 Epicurum

57 1027 264 1112 conscriptus
288 1032 345 1113 est,
369 1029 408 1093 de
427 1050 491 1113 quo
510 1051 574 1094 uno
594 1029 694 1094 verba
712 1032 771 1096 τόν
789 1028 825 1096 δ’
842 1031 954 1097 αὑτῶν
971 1037 1080 1115 μαθη-

56 1135 120 1218 την
153 1134 301 1222 intellegi
334 1138 482 1219 possunt.
534 1134 743 1201 Idomeneum
775 1139 885 1201 autem
915 1136 1079 1221 Epicurus

56 1240 282 1324 disputantem
305 1241 476 1308 induxerat
498 1242 534 1306 in
553 1239 748 1329 Conviriol),
772 1241 800 1308 si
823 1242 954 1327 quidem
971 1243 1079 1309 locum

57 1347 178 1413 notitia
201 1348 426 1434 dignissimum
450 1352 536 1414 recte
555 1347 684 1414 restitui
703 1371 735 1432 p.
752 1349 825 1432 102,
843 1350 886 1415 22
896 1372 965 1433 sqq.
990 1347 1080 1415 Ἐπί-

57 1478 182 1541 κουρος
204 1457 320 1522 τοίνυν
344 1454 481 1520 ἐκείνων
504 1453 617 1540 ἀμέλει
639 1465 697 1540 τῆς
720 1454 896 1541 ῥητορικῆς
919 1457 1000 1539 μίαν
1021 1457 1079 1521 δύ-

59 1583 166 1645 ναμιν
193 1558 486 1645 ἐπαγγελλομένων
509 1562 570 1645 την
593 1562 791 1645 σοφιστικὴν
813 1559 869 1627 καὶ
891 1561 954 1645 τὴν
975 1583 1080 1646 πανη-

59 1667 205 1751 γυρικὴν
230 1665 285 1732 καὶ
313 1668 375 1751 τὴν
402 1663 594 1750 πολειτικην
620 1678 711 1734 ποιεῖ
729 1670 789 1734 τὸν
808 1665 976 1753 Ἰδομενέα
999 1671 1079 1754 μετὰ

59 1775 98 1838 τὸ
118 1773 382 1861 ,παρρησιάσθω
401 1774 482 1859 μετά
501 1783 569 1840 τῶν
584 1773 860 1859 ἐγνωρισμένυν“
880 1777 1079 1859 αἰτούμενον

59 1881 275 1965 συγγνώμην,
294 1882 326 1945 εἰ
342 1877 418 1957 νέος
437 1879 485 1947 ὢν
497 1882 715 1967 θρασύνεται,
733 1878 788 1946 καὶ
804 1879 1079 1969 συνασπίζοντάθ)

57 2010 136 2052 τινα
160 1989 249 2071 ζητεῖ
267 1984 391 2052 τοιαῦτ’
409 1987 489 2052 άττα
508 1984 630 2070 λέγων·
655 1989 884 2072 ,,δαυμαστόν,
908 1989 939 2052 εἰ
957 1991 998 2053 σὺ
1018 1985 1079 2072 μὲν

60 2088 169 2158 οὐθὲν
192 2091 342 2178 ἐξείργου
366 2093 422 2158 διά
445 2094 506 2178 τὴν
527 2093 672 2178 ἡλικίαν,
696 2093 749 2159 ὅτε
773 2093 872 2170 αὐτὸς
895 2092 938 2158 dv
958 2097 1080 2178 φησαις

60 2208 130 2264 τῶν
148 2199 231 2265 κατά
249 2199 390 2264 σεαυτὸν
409 2197 566 2264 ἁπάντων
581 2197 658 2274 νέος
673 2198 721 2263 ὢν
734 2204 930 2284 πρεσβυτῶν
944 2198 1079 2284 ἀνδρῶν

60 2302 118 2370 καὶ
136 2304 284 2384 ἐνδόξων
302 2307 388 2371 πολὺ
407 2304 445 2371 ἐν
458 2312 498 2389 τῇ
513 2304 671 2390 ῥητορικῇ
687 2304 827 2389 δυνάμει
841 2301 1044 2389 ὑπερέχειν.“
1050 2302 1079 2392 ⁴)

57 2412 108 2476 De
132 2411 301 2495 hocloco,
325 2432 422 2495 quem
444 2410 526 2475 falso
549 2408 784 2492 interpretatus
807 2414 856 2475 est
879 2409 1080 2474 adversarius

57 2523 92 2584 et
117 2518 200 2583 unde
214 2517 349 2603 Epicuri
369 2518 407 2582 de
427 2515 605 2602 sophistica
623 2515 784 2582 rhetorica
802 2516 990 2603 opinionem
1008 2539 1079 2602 per-

57 2647 150 2690 verse
175 2624 300 2710 statuit,
322 2623 531 2690 Philodemus
554 2646 573 2688 a
596 2647 627 2708 p.
650 2626 834 2711 103—119,
853 2626 894 2691 27
914 2625 1014 2689 verba
1032 2625 1079 2690 ita

58 2731 151 2814 facit,
173 2735 211 2794 ut
234 2730 444 2816 grammatica
468 2736 501 2796 et
524 2731 630 2817 logica
653 2730 921 2816 interpretatione
946 2735 978 2796 et
1000 2731 1079 2815 Epi-

132 2949 159 3012 1)
178 2942 302 2998 Verbum
319 2941 460 2996 incertum
478 2945 529 2998 est.
562 2941 631 3012 Pap.
649 2941 737 2997 habet
754 2941 856 2998 XAI‘..
871 2945 881 3014 η
896 2987 901 2999 .
914 2946 957 2998 ΙΣ
969 2945 1077 3013 διατρι-

78 3036 167 3094 caule?
188 3062 220 3071 —

59 3033 76 3104 β
132 3122 160 3190 2)
184 3119 338 3189 Epicurum
355 3118 397 3174 ibi
415 3119 531 3174 iuvenes
551 3118 699 3174 audientes
717 3117 862 3174 induxisse
881 3134 914 3172 ex
933 3116 1079 3173 Plutarchi

59 3210 171 3278 quaest.
190 3207 300 3264 convii.
314 3207 361 3278 ΠΙ,
378 3213 444 3278 6,1,
462 3226 490 3277 p.
506 3213 558 3264 653
577 3208 696 3263 constat.

131 3300 159 3368 3)
177 3313 242 3368 pap.
264 3316 464 3366 ,υναπιγοντα

131 3391 159 3455 4)
186 3386 247 3442 Hoc
274 3385 422 3458 ὑπερέχειν
449 3386 620 3456 respondere
647 3383 693 3440 illi
721 3382 941 3459 περιγινόμενον
969 3380 1002 3438 ἓν
1030 3388 1099 3439 τοῖς

59 3479 232 3560 papia
244 3479 324 3546 puto,

96 3589 266 3646 Ρπιτοοπιινε,
282 3593 316 3634 οδ,
331 3592 452 3639 Sudhaus.
878 3584 908 3637 δ)
