2362 3832
443 143 690 198 ..XLV-

51 320 114 374 τας
132 294 283 378 ἀγαθοὺς
296 289 383 359 εἶναι
398 293 539 380 ῥήτορας
552 293 729 378 inscriptus
744 298 813 358 erat
827 293 882 381 (cf.
898 316 928 377 p.
944 294 987 360 54
997 291 1075 381 fin).

51 401 165 486 Atque
188 400 223 464 in
245 400 286 465 iis
309 399 399 485 ipsis,
423 422 504 485 quae
524 404 707 485 supersunt,
730 399 899 486 bipertitio
919 400 1076 485 quaedam

53 512 202 593 apparet.
248 506 420 585 Quaeritur
442 506 541 593 enim,
566 511 676 573 utrum
699 508 740 572 ab
764 507 837 592 ipsa
860 507 972 573 statim
995 507 1075 591 phy·

54 613 195 700 siologia
217 614 350 679 habitus
374 613 504 699 quidam
527 613 705 679 rhetoricae
729 613 893 680 facultatis
916 611 996 702 (ἕξις
1020 622 1076 696 τῆς

56 721 234 807 ῥητορικῆς
258 719 445 808 δυνάμεως)
473 721 694 806 conquiratur,
724 743 766 786 an
794 721 892 786 etiam
920 743 1002 805 opus
1033 720 1076 785 sit

54 849 119 892 usu
147 830 180 891 et
208 827 437 892 exercitatione
466 827 595 892 forensi.
640 827 823 912 Utrumque
847 827 998 892 animab
1022 827 1074 892 ad·

56 934 210 999 versariis
233 932 456 1021 defenditur.¹)

126 1039 261 1127 Quodsi,
284 1041 391 1126 inquit
413 1041 636 1127 Philodemus,
660 1041 725 1120 ἕξις
748 1065 798 1119 τις
820 1051 877 1125 τῆς
900 1042 1075 1127 ῥητορικῆς

57 1148 232 1232 δυνάμεως
263 1169 282 1211 1
314 1147 521 1234 physiologia
548 1148 647 1213 inseri
675 1152 800 1235 posset,
832 1148 912 1213 haec
938 1146 1075 1212 facultas

56 1258 143 1320 11111
171 1259 228 1319 aut
256 1254 433 1339 sophistica
460 1259 517 1320 aut
544 1255 691 1341 politica,
718 1259 776 1320 aut
798 1254 1020 1341 eligendorum
1043 1257 1076 1318 et

48 1361 286 1450 fugiendorum
322 1362 439 1427 notitia
476 1362 613 1446 quadam
650 1361 877 1428 contineretur.
937 1360 1075 1426 Omnino

56 1473 168 1534 autem
198 1469 393 1534 rhetoricam
422 1468 610 1534 facultatem
637 1468 677 1533 ad
704 1469 739 1534 id
765 1467 926 1553 pertinere
954 1466 1077 1551 volunt,

59 1576 149 1660 quod
171 1575 222 1639 vel
245 1575 375 1659 publice
398 1575 450 1639 111
473 1575 627 1659 privatim
650 1575 801 1659 prodesse
821 1573 925 1659 possit
948 1571 1021 1661 (col.
1036 1572 1076 1657 H,

57 1706 90 1766 p.
111 1678 200 1767 283).
245 1681 297 1746 Ex
325 1681 444 1766 quibus
471 1681 566 1770 illud¹
580 1682 721 1767 primum
746 1682 840 1748 facile
863 1681 1075 1769 redarguitur.

57 1788 144 1854 Nam
167 1788 234 1853 sive
257 1789 423 1872 publicam
446 1789 512 1854 1111
536 1789 696 1874 privatam
715 1789 891 1855 utilitatem
910 1788 1075 1873 sophistae

59 1895 192 1979 quidam
205 1896 356 1980 persequi
370 1900 532 1981 poterant,
550 1919 670 1962 11111111
685 1897 862 1982 sophistica
876 1895 932 1961 sed
946 1894 1074 1960 aliunde

57 2002 139 2066 haec
161 2002 298 2068 facultas
320 2003 460 2088 repetita
484 2008 533 2068 est
635 2003 674 2069 In
697 2004 796 2069 dubio
820 2007 928 2069 autem
950 2001 1006 2066 ille
1029 2023 1075 2065 re·

58 2108 192 2194 linquit,
224 2130 288 2193 quo
321 2110 416 2175 modo
446 2133 465 2175 1
494 2110 678 2197 cognitione
706 2110 847 2175 universi
875 2108 1075 2195 singularum

57 2238 167 2285 rerum
193 2215 327 2281 scientia
354 2217 431 2282 oriri
459 2217 577 2302 possit,
608 2239 752 2301 quaeque
780 2216 897 2281 similia
926 2219 1014 2299 sunt,
1043 2219 1075 2277 et

59 2344 141 2407 quae
173 2322 319 2389 veritatis
352 2327 384 2387 et
415 2322 660 2408 probabilitatis
687 2321 859 2387 relationes
887 2321 1075 2386 statuendae

23 2439 30 2448 '
58 2429 126 2494 sint
228 2429 372 2514 Cumque
395 2429 562 2514 sophistae
585 2453 645 2515 pro
669 2429 867 2516 argumentis
891 2433 924 2493 et
948 2429 1074 2493 demon-

57 2535 273 2602 strationibus
305 2536 547 2622 enthymemata
578 2542 744 2622 tamquam
776 2535 893 2601 similia
924 2540 956 2600 et
984 2535 1074 2620 paria

58 2643 126 2707 illis
148 2642 324 2728 venditent,
347 2643 426 2708 haec
450 2648 521 2725 toto
545 2667 661 2732 genere
684 2644 769 2708 inter
792 2665 826 2708 se
845 2643 975 2728 distant,
999 2625 1075 2728 quo·

58 2749 149 2814 niam
173 2748 403 2815 demonstratio
427 2750 500 2835 ipsa
517 2751 653 2816 veritate
672 2751 801 2835 nititur;
825 2749 915 2815 cuius
934 2749 962 2814 si
981 2749 1075 2813 detri-

56 2859 205 2920 mentum
228 2858 275 2942 fit,
298 2879 364 2922 non
387 2858 558 2942 probabile
581 2857 721 2923 efficitur
744 2857 800 2922 sed
823 2856 953 2921 omnino
974 2855 1074 2920 viset

55 2962 148 3027 notio
172 2962 319 3028 veritatis
342 2964 477 3029 tollitur.
515 2964 635 3043 Quodsi
657 2965 842 3029 1111111111
860 2962 978 3028 notitia
995 2962 1075 3026 veri-

56 3068 137 3134 tatis
160 3070 299 3153 pendere
323 3071 454 3155 dicitur,
478 3094 540 3157 qua
564 3076 686 3157 carent,
709 3094 761 3136 111
784 3093 853 3136 1111
876 3091 941 3134 non
964 3071 1074 3151 potest

123 3283 238 3366 Itaque
270 3285 397 3350 abiecta
429 3286 606 3370 sophistica
639 3289 671 3349 et
699 3283 826 3349 omissis
854 3280 1074 3366 sophistarum

128 3516 156 3581 1)
174 3514 207 3566 ct
221 3531 288 3584 pap.
304 3520 363 3584 821,
385 3515 438 3573 col.
455 3516 530 3576 XVI.
