2376 3846
536 102 731 155 -L-

201 253 340 319 Onurino
364 258 473 318 autern
497 253 530 316 in
552 252 614 317 hoc
638 252 702 316 sibi
725 251 860 317 minime
879 256 1046 341 constant,
1066 276 1095 339 qr

128 361 358 445 philosopham
387 359 695 424 demonstrationem
727 357 924 445 (syllogism.
955 364 991 426 et
1017 360 1102 427 indu(

127 468 263 551 politico
282 468 377 533 modo
397 467 475 530 dant
495 466 590 530 modo
610 465 766 548 adimunt,
784 468 822 529 ut
836 464 1042 553 ignoremus,
1058 488 1108 552 qua

126 597 203 657 nam
222 574 287 652 ἕξις
305 584 363 657 τῆς
381 579 551 655 πολιτικῆς
565 571 737 655 δυνάμεως
755 569 960 656 philosopho
980 574 1115 639 tribuent

127 682 171 745 sit
194 676 502 768 (XXXIX—XLV).

195 786 311 869 [Dixit
335 786 460 869 opinor,
483 783 683 848 adversarius
707 804 781 846 eum
804 783 973 867 optimum
997 808 1067 852 esse
1084 808 1128 851 cra

128 897 242 976 torem,
265 914 361 975 quem
384 890 537 954 facillime
556 889 722 953 audientes
741 888 963 975 intellegant]
999 892 1063 959 Sed
1079 914 1135 957 cun

128 999 163 1062 in
186 998 258 1062 aliis
282 1003 352 1061 tum
375 998 409 1061 in
432 996 484 1061 his
507 997 639 1061 confuse
662 994 821 1080 loquitur,
847 998 937 1080 quod
958 1020 1031 1064 non
1053 997 1140 1083 expli·

128 1105 209 1189 cuit,
242 1108 400 1188 quatenus
432 1125 492 1187 per
523 1124 557 1165 se
590 1102 609 1165 i.
638 1124 663 1165 e.
697 1101 895 1187 cogitatione
927 1109 962 1168 et
992 1110 1140 1191 quatenus

128 1210 263 1275 scientia
281 1209 411 1295 linguae
430 1209 598 1273 audientes
617 1211 779 1272 oratorem
792 1208 885 1291 sequi
898 1211 1043 1294 possint.
1066 1211 1141 1277 Nem

129 1338 337 1403 quaecunque
379 1316 628 1401 mtelleguntur‚
669 1319 794 1378 remota
830 1315 980 1381 oratione
1019 1318 1161 1409 physica·

129 1425 267 1509 quadam
289 1445 397 1487 rerum
421 1424 631 1487 obscurarum
654 1419 878 1485 aestimatione
896 1425 1070 1508 tamquam
1086 1429 1141 1489 ue-

128 1531 197 1595 tina
220 1535 317 1614 atque
341 1528 492 1593 rationali
516 1549 640 1612 eorum,
667 1549 748 1612 quae
771 1532 902 1611 praesto
926 1535 1021 1617 sunt,
1045 1532 1141 1597 obser

128 1637 257 1702 vatione
281 1635 467 1718 penduntur
490 1640 523 1698 et
546 1634 736 1719 iudicantur,
760 1638 796 1699 ut
818 1634 872 1699 hic
895 1637 1064 1725 methodo,
1085 1658 1141 1703 non

129 1742 265 1828 peritiae
284 1741 375 1806 locus
394 1740 445 1803 sit.
482 1739 527 1803 Et
545 1740 606 1804 hoc
626 1739 756 1824 quidem
774 1741 815 1804 ad
833 1740 974 1807 formam
992 1743 1142 1811 orationis

128 1850 279 1934 pertinet.
309 1847 343 1913 N
344 1869 379 1911 ec
397 1850 507 1909 tamen
525 1846 564 1909 de
583 1847 681 1910 rebus
700 1847 815 1911 melius
834 1846 991 1914 iudicavit
1005 1848 1141 1939 (ΧΙΝῙ).

204 1954 237 2019 Si
261 1953 475 2039 physiologus
499 1953 537 2016 de
560 1954 658 2017 rebus
681 1953 851 2018 rhetoricis
873 1976 940 2019 non
963 1956 1061 2041 peius
1083 1979 1142 2023 ora

128 2067 198 2128 tore
221 2062 311 2146 loqui
334 2064 458 2145 potest,
481 2059 553 2124 ideo
576 2083 642 2124 non
664 2060 751 2143 apud
774 2060 905 2144 plebem
927 2064 1032 2128 verba
1054 2064 1142 2130 faciet

129 2174 161 2234 et
190 2173 298 2234 orator
327 2169 396 2233 erit.
442 2166 556 2251 Neque
583 2166 637 2230 ille
661 2166 836 2231 architecto
860 2166 978 2232 similis
1002 2175 1067 2256 est,
1093 2168 1143 2256 qui

129 2277 255 2342 etiamsi
282 2300 349 2342 non
374 2275 534 2360 aedificet,
561 2278 670 2337 tamen
694 2295 764 2337 eam
788 2295 885 2357 quam
908 2273 1023 2340 didicit
1046 2281 1143 2342 artem

129 2405 202 2448 cum
228 2384 307 2448 velit
336 2385 428 2448 edere
453 2380 565 2466 possit.
610 2379 750 2463 Physico
775 2383 883 2443 autem
905 2402 1013 2464 neque
1037 2404 1057 2446 a
1079 2382 1144 2468 phi·

128 2488 279 2571 losephia
310 2509 414 2571 neque
447 2508 466 2549 a
496 2484 629 2568 politica
661 2484 737 2549 talis
768 2485 906 2549 facultas
937 2486 1060 2553 iniecta
1091 2492 1143 2554 est

129 2592 304 2675 Perspecto
333 2592 435 2678 igitur
457 2591 678 2674 Nausiphanis
706 2614 812 2657 errore
841 2597 978 2676 apparet
1006 2595 1145 2679 philoso

130 2697 233 2781 phum
260 2698 438 2784 ingenuum
461 2719 480 2760 a
503 2697 681 2761 rhetoricae
709 2698 816 2762 studio
845 2720 914 2764 esse
941 2700 1145 2767 retinendum

131 2802 469 2889 (XLVH-XLVIII).

198 2908 398 2993 Quamquam
428 2909 529 2995 igitur
556 2907 650 2971 venia
677 2909 780 2973 danda
807 2915 856 2975 est
885 2912 928 2997 ei,
960 2912 1016 2997 qui
1041 2913 1147 2980 victus

132 3015 304 3100 quaerendi
323 3038 419 3080 causa
438 3012 636 3097 aliquamdiu
655 3014 849 3079 rhetoricam
871 3017 971 3105 (sicut
989 3040 1146 3104 gramma·

130 3123 228 3188 ticam
247 3122 298 3186 vel
316 3121 556 3206 palaestricam)
576 3120 696 3205 doceat,
719 3124 828 3184 tamen
847 3124 886 3188 ad
904 3124 1146 3209 philosophiam

130 3297 187 3334 non
207 3279 277 3333 satis
296 3279 435 3351 dispicere
453 3297 575 3351 possum.
609 3278 663 3333 Sed
682 3297 747 3351 pag.
762 3279 849 3334 XLIV
869 3282 904 3335 de
918 3280 1079 3338 Metrodoro
1098 3280 1146 3353 agi

129 3371 212 3440 put03
237 3370 271 3426 cf.
286 3386 384 3439 papyr.
400 3376 450 3424 821
470 3369 522 3423 col.
538 3368 644 3423 XXXII
662 3372 691 3425 et
708 3388 774 3442 pag.
790 3376 841 3425 239
853 3387 923 3439 sqq.‚
943 3386 1017 3439 quac
1030 3370 1145 3441 quidem

130 3459 286 3529 disputatio
304 3458 371 3514 huic
386 3457 542 3532 persimilis
560 3461 612 3517 est.
