2376 3846
482 181 521 192 -
568 155 686 210 XXXVI
732 185 774 194 -

284 322 286 326 ·
396 317 445 371 De
469 317 671 384 argumento
693 315 772 372 libri
795 315 856 373 111.

186 447 264 514 Non
287 447 416 533 dubito,
443 448 522 533 quin
543 446 680 512 1X²f0l
706 449 783 538 128,
811 447 849 511 fr.
874 450 893 514 8
918 446 1051 512 initium
1077 451 1142 514 fere

121 554 198 620 libri
222 553 311 618 tertii
335 554 378 619 sir
402 553 570 639 deperdjri.
604 552 736 638 Ἐπειδὴ
761 550 798 618 δὲ
820 552 897 640 περὶ
920 564 980 621 τοῦ
1003 556 1067 640 τῆν
1087 557 1143 642 ῥη-

122 661 259 744 τορικὴν
276 658 397 746 τέχνην
416 661 477 747 οὐχ
495 661 656 748 ὑπάρχειν
670 658 774 746 (pep.:
790 657 947 746 ...εχειν)
967 659 1024 726 καὶ
1041 662 1142 729 πόλιν

122 764 207 852 ὑπὲρ
231 777 291 832 τοῦ
313 765 432 853 τέχνην
455 777 554 834 τοῦτο
573 765 797 851 διειλέγμεθα,
820 764 875 832 καὶ
893 775 959 832 νῦν
977 765 1142 853 μέλλομεν

124 874 348 959 παραδιδόναι
373 875 465 951 ἰδίως
487 874 580 951 τινὰς
601 871 657 939 καὶ
681 874 737 938 διὰ
759 884 826 939 τῶν
846 876 1013 939 πλείστων
1031 878 1142 959 λόγων

124 980 304 1063 διηκούσας
327 982 360 1044 εί
381 981 424 1065 μῆ
447 979 503 1045 καὶ
527 981 741 1046 διαπόντιον
763 983 890 1058 κακίας·
914 981 1058 1064 μάλιστα
1080 982 1141 1067 γὰρ

123 1085 165 1151 ἂν
185 1086 290 1162 οὕτως
308 1087 489 1169 μεθοδικὸς
507 1087 525 1153 ὁ
544 1089 665 1172 τρόπος
680 1087 834 1172 εὑρεθείη
855 1095 913 1171 τῆς
927 1086 1143 1174 ἀντιγραφῆς,

125 1190 184 1256 ἐὰν
213 1189 279 1256 ἀπό
305 1214 407 1257 τινων
434 1195 654 1280 πορευόμενοι
677 1196 849 1278 στοιχείων
873 1194 1143 1278 διαστελλόμεθα

124 1299 181 1374 τδς
209 1299 379 1375 διακοπας.
425 1302 567 1383 Πρῶτον
596 1295 656 1384 μὲν
687 1294 750 1366 οὖν
773 1297 910 1384 ἐξέσται,
932 1297 1143 1386 πρόχειρονῑ)

124 1415 218 1470 νοεῖν
238 1401 291 1468 ἐπὶ
309 1413 367 1489 τῆς
385 1405 561 1491 ῥητορικῆς
574 1409 689 1482 κακίας
702 1415 892 1492 χαρακτῆρα
907 1457 913 1470 .
929 1457 936 1470 .
949 1405 1003 1470 vel
1018 1406 1143 1471 similia.

192 1509 327 1597 Singula
345 1516 482 1595 propter
499 1511 657 1577 maximas
673 1510 804 1576 lacunas
818 1512 941 1577 ineerle
955 1517 1047 1578 sunl:
1066 1513 1144 1579 illud

124 1638 201 1681 vero
221 1622 357 1701 apparel
370 1617 597 1683 Philodemum
615 1619 701 1683 hunc
719 1618 842 1684 librum
859 1619 925 1704 ipsi
941 1619 1045 1704 priori
1059 1619 1144 1705 parti

125 1721 203 1786 libri
236 1723 367 1787 secundi
399 1724 592 1789 adiunxisse.
642 1725 691 1789 De
724 1729 794 1791 loto
827 1731 1019 1813 argumento
1049 1749 1144 1812 porro

126 1828 187 1892 sub
216 1828 314 1892 finem
341 1828 419 1894 libri
442 1828 473 1894 H
500 1830 562 1895 hoc
585 1831 724 1917 legimus
748 1855 779 1916 p.
801 1834 879 1918 135,
902 1835 947 1898 40
957 1856 1027 1918 sqq.
1061 1835 1145 1899 διότι

127 1932 203 2020 περὶ
230 1935 292 2018 τῆν
318 1937 491 2020 πολιτικὴν
519 1937 699 2022 ῥητορικὴν
726 1938 787 2004 οὐκ
811 1941 901 2005 ἔστιν
923 1939 944 2022 ἡ
969 1943 1145 2026 σοφιστικὴ

127 2042 253 2125 εἴδησις
277 2078 319 2087 -
342 2049 440 2106 τοῦτο
469 2040 717 2126 ὑπερηδόμεθα
739 2045 776 2109 τὸ
800 2042 899 2131 μέρος
922 2046 969 2122 εἰς
991 2048 1052 2112 τὸν
1075 2043 1146 2130 ἑξῆς

127 2143 263 2213 τουτουὶ
283 2149 604 2231 συγγραφησόμενον
622 2147 928 2234 ὑπομνηματισμόν.
957 2148 1014 2217 Ἐν
1031 2151 1144 2242 ἐκείνῳ

126 2255 190 2340 γὰρ
209 2253 501 2338 ὑποδειχδῆσεται,
522 2256 608 2319 διότι
626 2256 778 2340 πολιτικὴ
798 2256 940 2341 δύναμις
958 2257 1000 2323 οὐ
1019 2264 1146 2343 μᾶλλον

127 2360 164 2425 ἐκ
191 2371 258 2426 τῶν
288 2371 491 2445 σοφιστικῶν
518 2361 646 2427 τούτων
675 2361 909 2428 ἀποτελεῖσθαι
933 2364 1075 2430 δύναται
1100 2367 1147 2430 δι-

129 2468 337 2531 δασκαλείων
355 2465 376 2550 ἢ
396 2464 452 2530 διὰ
470 2476 537 2531 τῶν
556 2478 791 2552 γραμματικῶν
806 2467 826 2553 il
841 2472 1050 2556 φιλοσόφων,
1069 2478 1147 2538 πολ-

129 2571 223 2647 λάκις
251 2567 288 2636 δὲ
316 2568 371 2637 καὶ
398 2571 525 2655 βλάβης
552 2570 626 2658 οὐχὶ
654 2577 788 2659 μετρίας
812 2571 855 2659 ἦν
877 2575 898 2658 ἡ
921 2584 1035 2660 κτῆσις
1059 2581 1147 2645 αἰτία

127 2676 379 2742 καθιστόνουσα
398 2673 478 2743 οὐδὲ
496 2678 554 2755 τὰς
572 2676 626 2743 ἐπὶ
643 2690 711 2744 τῶν
728 2679 901 2763 ἀληθινῶν
916 2680 1059 2766 ἀγώνων
1074 2685 1147 2770 εὐη-

128 2784 251 2868 μερίας.
285 2780 365 2847 Cum
385 2805 448 2867 quo
468 2784 591 2868 optime
611 2785 769 2872 congruit,
788 2787 874 2871 quod
887 2785 955 2873 IX2,
971 2791 1147 2857 121-132

129 2888 323 2972 disputatur.
371 2889 416 2955 ef.
441 2913 516 2978 eg.
543 2894 603 2958 131
610 2943 619 2977 ‚
640 2895 716 2958 132:
743 2916 827 2978 „non
851 2895 1025 2960 obscurum
1047 2897 1147 2963 immo

128 2995 201 3079 ipsa
232 2994 300 3059 vila
327 3000 466 3062 testatur
495 2998 735 3082 [philosophos]
764 3001 861 3066 urbes
888 3024 955 3066 non
982 3008 1147 3070 conterere

130 3101 297 3166 commoda
324 3124 434 3168 earum
461 3105 693 3192 venditantes“,
726 3128 799 3171 eum
827 3112 975 3192 spectent
1002 3111 1147 3175 rhelores

130 3229 224 3273 suum
257 3208 392 3293 quisque
421 3212 632 3277 commodum.
679 3211 879 3298 Quemquam
907 3215 1036 3302 singule
1064 3217 1147 3303 frag·

130 3319 239 3379 menta
263 3316 342 3382 salis
366 3317 463 3381 exilia
487 3323 570 3383 sunl.

191 3510 219 3575 1)
241 3507 390 3582 Coriunge
411 3511 567 3586 πρόχειρον
590 3556 642 3571 ...
663 3521 829 3586 χαρακτῆρα
846 3520 923 3567 νοεῖν
943 3511 1062 3578 egerem.
