2362 3832
446 117 690 172 —XIII—

126 269 175 334 Dc
203 291 330 353 papyro
356 269 443 333 1004
467 270 509 321 ='
532 265 592 332 ΠΡ
620 268 675 333 fol.
697 269 879 334 110-209
907 269 969 333 hoc
996 268 1079 336 Nea·

61 375 200 460 politam
219 375 254 439 in
269 374 373 439 indice
388 372 589 438 adscribunt:
607 372 721 458 „huius
735 373 908 439 voluminis
922 375 1079 460 pagellae,

60 483 96 546 in
113 482 233 566 quibus
247 479 331 544 nihil
345 481 411 544 fere
426 479 556 566 legitur,
573 480 741 565 neglectae
755 482 896 566 fuerunt,
915 480 954 544 de
969 503 1079 547 earum

56 611 195 654 numero
224 590 351 652 tantum
374 586 499 652 ratione
522 586 663 655 habita“.
708 586 753 651 Et
776 609 851 652 vero
875 587 1010 652 miserae
1033 587 1079 651 la-

58 695 162 760 ciniae
186 698 271 778 sunt,
294 715 376 778 quae
400 698 530 758 centum
548 692 636 758 foliis
654 698 891 779 proponuntur,
914 715 988 759 cum
1006 699 1080 759 octo

59 801 210 888 paginae,
228 822 309 885 quas
322 799 423 886 Angli
443 800 668 886 depinxerunt,
687 799 781 866 facile
800 801 927 885 possint
941 800 1079 865 restitui.

77 1061 127 1115 De
150 1061 269 1116 textus
292 1058 519 1127 voluminum,
544 1057 656 1128 qualia
680 1057 761 1114 olim
784 1058 892 1116 fuisse
914 1058 1062 1127 videtur,

370 1165 481 1222 forma
505 1166 540 1222 et
562 1164 772 1224 condicione.

129 1297 162 1365 N
164 1321 206 1362 ο11
224 1296 342 1362 mirum
361 1300 410 1362 est
428 1296 463 1361 in
480 1296 532 1362 his
551 1297 730 1364 combustis
748 1299 883 1383 papyris
900 1299 1082 1364 litterarum

61 1404 203 1490 vestigia
220 1404 317 1468 nimis
336 1403 435 1468 dubia
454 1407 487 1468 et
504 1404 592 1469 fluxa
611 1426 688 1469 esse.
726 1404 847 1470 Tamen
865 1405 921 1490 qui
940 1404 1082 1489 primum

59 1512 144 1574 haec
161 1509 324 1575 volumina
343 1509 507 1594 evolverit,
530 1532 571 1574 ne
590 1511 810 1595 suspicabitur
828 1511 966 1598 quidem,
986 1534 1083 1596 quam

61 1619 188 1681 incerta
210 1616 261 1681 via
284 1617 471 1682 emendator
492 1616 628 1682 incedat.
666 1616 758 1694 Quod
781 1619 865 1684 cadit
888 1618 1027 1684 maxime
1048 1619 1082 1683 in

63 1725 248 1810 fragmenta
270 1723 344 1788 voll.
362 1720 535 1788 VP-XP.

131 1829 317 1913 Proponam
340 1851 366 1892 e.
385 1852 416 1915 g.
435 1828 478 1895 V2
497 1829 551 1894 fol.
572 1831 628 1914 83,
651 1832 689 1895 fr.
712 1833 761 1897 12.

253 1952 356 2037 Neap.
769 1953 871 2020 Oxcn.

61 2061 503 2146 ..δυ...περια.λοι..τ
602 2067 874 2129 -τολε.εινκα

87 2216 93 2229 .
110 2189 146 2231 τε
161 2217 167 2230 .
183 2216 189 2230 .
204 2189 266 2230 κα.
283 2181 344 2231 σου
359 2216 366 2229 .
380 2167 467 2231 υνα.
484 2190 504 2230 α
604 2205 641 2213 -
668 2175 863 2253 parapteres

62 2323 70 2338 .
89 2323 96 2337 .
112 2323 119 2336 .
135 2288 202 2356 μασ
216 2323 222 2336 .
238 2322 244 2336 .
259 2272 405 2356 udaeam]
421 2322 427 2336 .
443 2322 450 2335 .
466 2323 473 2336 .
604 2310 643 2320 -
668 2259 764 2339 'rodel
779 2324 786 2339 .
802 2325 808 2339 .
823 2282 953 2360 γεσθαᾳ

61 2432 67 2443 .
85 2432 92 2444 .
111 2429 117 2442 .
134 2429 140 2442 .
155 2399 266 2444 arvom
280 2430 286 2443 .
301 2427 309 2444 .
324 2427 332 2442 .
347 2428 354 2442 .
369 2402 387 2443 ο
402 2427 410 2442 .
425 2402 446 2442 α
460 2429 467 2443 .
483 2429 489 2442 .
505 2428 511 2442 .
604 2419 644 2427 -
670 2403 896 2466 νειναικαταγι

63 2537 71 2550 .
88 2536 95 2549 .
113 2534 120 2548 .
136 2534 142 2548 .
158 2507 195 2548 aa
210 2535 216 2549 .
231 2500 379 2551 τωντοσ.
395 2506 483 2569 aaa.
604 2524 646 2534 -
669 2488 923 2575 spedistamma

60 2643 69 2658 .
88 2643 94 2654 .
113 2640 119 2654 .
136 2642 141 2654 .
158 2640 164 2653 .
180 2614 214 2654 αι
228 2641 235 2655 .
248 2614 338 2657 ruva
352 2641 360 2655 .
374 2596 435 2655 θια
450 2641 456 2654 .
607 2630 644 2639 -
671 2593 835 2660 desererer
849 2645 857 2661 .
871 2601 919 2661 λω

62 2746 70 2761 .
93 2748 99 2759 .
122 2746 155 2760 ..
175 2747 181 2759 .
200 2721 222 2761 υ
243 2749 249 2760 .
269 2748 276 2761 .
297 2721 330 2761 ιν
350 2749 356 2763 .
376 2698 522 2762 οὸευκα.
607 2736 644 2744 -
670 2723 869 2785 υνεργουντι
884 2752 890 2766 .
906 2752 912 2766 .
927 2719 1021 2768 εσικα

61 2825 182 2869 ..υνε
206 2853 212 2867 .
233 2853 239 2867 .
262 2827 303 2868 τα
326 2853 522 2871 ........

62 2960 71 2974 .
88 2960 95 2972 .
114 2932 180 2972 ..υ
195 2957 291 2973 .....
306 2927 417 2975 τοισεν
431 2960 460 2975 ..
609 2949 647 2958 -
671 2919 981 2998 υντοισομοιοισελ.

62 3068 70 3082 .
87 3068 94 3080 .
113 3066 120 3078 .
136 3065 143 3078 .
159 3062 165 3076 .
182 3030 236 3078 σι.
251 3023 440 3081 amaedeo
455 3068 461 3080 .
478 3041 515 3082 νε
609 3055 647 3063 -
674 3021 797 3097 ιζεινκα
811 3070 817 3084 .
833 3027 962 3087 αθοσον

63 3173 70 3187 .
90 3173 96 3185 .
113 3125 259 3204 ναλεγοσ
273 3171 279 3185 .
294 3145 356 3187 rav
372 3173 378 3187 .
393 3145 429 3187 το
606 3160 648 3169 -
674 3126 850 3210 ὃιαλεγεσσ
864 3177 871 3192 .
886 3151 1006 3194 raetos

62 3281 69 3294 .
88 3280 94 3292 .
112 3278 120 3291 .
136 3230 423 3313 arudpvrxvlrtarrjr
438 3280 466 3294 ..
609 3267 646 3276 —
673 3236 866 3318 χταβραχυμ
880 3284 887 3297 .
902 3257 960 3299 ατο

135 3349 199 3415 Sed
209 3350 307 3415 etiam
316 3351 351 3416 in
360 3352 499 3436 pristino
509 3357 603 3419 textu
612 3355 728 3419 menda
737 3356 869 3420 fuerrmt
878 3355 981 3444 (uelut
992 3359 1044 3441 51,
1056 3363 1088 3443 13

63 3458 186 3543 187,4;
200 3455 350 3546 211,18),
360 3481 556 3544 quamquam
565 3480 696 3544 perrara
707 3460 984 3544 deprehendimus.
1003 3464 1092 3532 Nam
